@book{si_np,
  author    = {M. R. Garey and
               David S. Johnson},
  title     = {Computers and Intractability: {A} Guide to the Theory of NP-Completeness},
  publisher = {W. H. Freeman},
  year      = {1979},
  isbn      = {0-7167-1044-7},
  timestamp = {Thu, 29 Mar 2007 16:16:40 +0200},
  biburl    = {https://dblp.org/rec/books/fm/GareyJ79.bib},
  bibsource = {dblp computer science bibliography, https://dblp.org}
}

@article{graphmining,
  author    = {Jiawei Han and
               Hong Cheng and
               Dong Xin and
               Xifeng Yan},
  title     = {Frequent pattern mining: current status and future directions},
  journal   = {Data Min. Knowl. Discov.},
  volume    = {15},
  number    = {1},
  pages     = {55--86},
  year      = {2007},
  url       = {https://doi.org/10.1007/s10618-006-0059-1},
  doi       = {10.1007/s10618-006-0059-1},
  timestamp = {Wed, 14 Nov 2018 10:41:43 +0100},
  biburl    = {https://dblp.org/rec/journals/datamine/HanCXY07.bib},
  bibsource = {dblp computer science bibliography, https://dblp.org}
}

@inproceedings{enron,
  title={Introducing the Enron corpus.},
  author={Klimt, Bryan and Yang, Yiming}
}
@article{graphzero,
  author    = {Daniel Mawhirter and
               Sam Reinehr and
               Connor Holmes and
               Tongping Liu and
               Bo Wu},
  title     = {GraphZero: Breaking Symmetry for Efficient Graph Mining},
  journal   = {CoRR},
  volume    = {abs/1911.12877},
  year      = {2019},
  url       = {http://arxiv.org/abs/1911.12877},
  archivePrefix = {arXiv},
  eprint    = {1911.12877},
  timestamp = {Wed, 08 Jan 2020 15:28:22 +0100},
  biburl    = {https://dblp.org/rec/journals/corr/abs-1911-12877.bib},
  bibsource = {dblp computer science bibliography, https://dblp.org}
}

@misc{fraud,
  author={Neo4j},
  title={Fraud detection: Discovering connections with graph databases},
  year = {2014},
  booktitle = {White Paper},
  howpublished = {\url{https://www.whitepapers.online/fraud-detection-discovering-connections-graph-databases/}},
}

@inproceedings{graphsecurity,
  author    = {Steven Noel},
  editor    = {Pierangela Samarati and
               Indrajit Ray and
               Indrakshi Ray},
  title     = {A Review of Graph Approaches to Network Security Analytics},
  booktitle = {From Database to Cyber Security - Essays Dedicated to Sushil Jajodia
               on the Occasion of His 70th Birthday},
  series    = {Lecture Notes in Computer Science},
  volume    = {11170},
  pages     = {300--323},
  publisher = {Springer},
  year      = {2018},
  url       = {https://doi.org/10.1007/978-3-030-04834-1\_16},
  doi       = {10.1007/978-3-030-04834-1\_16},
  timestamp = {Tue, 14 May 2019 10:00:52 +0200},
  biburl    = {https://dblp.org/rec/conf/birthday/Noel18.bib},
  bibsource = {dblp computer science bibliography, https://dblp.org}
}

@article{biograph,
	Author = {Messina, Antonio and Fiannaca, Antonino and La Paglia, Laura and La Rosa, Massimo and Urso, Alfonso},
	Da = {2018/11/20},
	Date-Added = {2020-05-24 13:34:22 -0600},
	Date-Modified = {2020-05-24 13:34:22 -0600},
	Doi = {10.1186/s12918-018-0616-4},
	Id = {Messina2018},
	Isbn = {1752-0509},
	Journal = {BMC Systems Biology},
	Number = {5},
	Pages = {98},
	Title = {BioGraph: a web application and a graph database for querying and analyzing bioinformatics resources},
	Ty = {JOUR},
	Url = {https://doi.org/10.1186/s12918-018-0616-4},
	Volume = {12},
	Year = {2018},
	Bdsk-Url-1 = {https://doi.org/10.1186/s12918-018-0616-4}}


@inproceedings{dualsim,
  author    = {Hyeonji Kim and
               Juneyoung Lee and
               Sourav S. Bhowmick and
               Wook{-}Shin Han and
               Jeong{-}Hoon Lee and
               Seongyun Ko and
               Moath H. A. Jarrah},
  editor    = {Fatma {\"{O}}zcan and
               Georgia Koutrika and
               Sam Madden},
  title     = {{DUALSIM:} Parallel Subgraph Enumeration in a Massive Graph on a Single
               Machine},
  booktitle = {Proceedings of the 2016 International Conference on Management of
               Data, {SIGMOD} Conference 2016, San Francisco, CA, USA, June 26 -
               July 01, 2016},
  pages     = {1231--1245},
  publisher = {{ACM}},
  year      = {2016},
  url       = {https://doi.org/10.1145/2882903.2915209},
  doi       = {10.1145/2882903.2915209},
  timestamp = {Wed, 25 Sep 2019 18:11:06 +0200},
  biburl    = {https://dblp.org/rec/conf/sigmod/KimLBHLKJ16.bib},
  bibsource = {dblp computer science bibliography, https://dblp.org}
}

@inproceedings{daf,
  author    = {Myoungji Han and
               Hyunjoon Kim and
               Geonmo Gu and
               Kunsoo Park and
               Wook{-}Shin Han},
  editor    = {Peter A. Boncz and
               Stefan Manegold and
               Anastasia Ailamaki and
               Amol Deshpande and
               Tim Kraska},
  title     = {Efficient Subgraph Matching: Harmonizing Dynamic Programming, Adaptive
               Matching Order, and Failing Set Together},
  booktitle = {Proceedings of the 2019 International Conference on Management of
               Data, {SIGMOD} Conference 2019, Amsterdam, The Netherlands, June 30
               - July 5, 2019},
  pages     = {1429--1446},
  publisher = {{ACM}},
  year      = {2019},
  url       = {https://doi.org/10.1145/3299869.3319880},
  doi       = {10.1145/3299869.3319880},
  timestamp = {Sat, 22 Jun 2019 17:10:04 +0200},
  biburl    = {https://dblp.org/rec/conf/sigmod/HanKGPH19.bib},
  bibsource = {dblp computer science bibliography, https://dblp.org}
}

@inproceedings{cfl,
  author    = {Fei Bi and
               Lijun Chang and
               Xuemin Lin and
               Lu Qin and
               Wenjie Zhang},
  editor    = {Fatma {\"{O}}zcan and
               Georgia Koutrika and
               Sam Madden},
  title     = {Efficient Subgraph Matching by Postponing Cartesian Products},
  booktitle = {Proceedings of the 2016 International Conference on Management of
               Data, {SIGMOD} Conference 2016, San Francisco, CA, USA, June 26 -
               July 01, 2016},
  pages     = {1199--1214},
  publisher = {{ACM}},
  year      = {2016},
  url       = {https://doi.org/10.1145/2882903.2915236},
  doi       = {10.1145/2882903.2915236},
  timestamp = {Mon, 16 Mar 2020 17:44:09 +0100},
  biburl    = {https://dblp.org/rec/conf/sigmod/BiCLQZ16.bib},
  bibsource = {dblp computer science bibliography, https://dblp.org}
}

@article{vf2,
  author    = {Luigi P. Cordella and
               Pasquale Foggia and
               Carlo Sansone and
               Mario Vento},
  title     = {A (Sub)Graph Isomorphism Algorithm for Matching Large Graphs},
  journal   = {{IEEE} Trans. Pattern Anal. Mach. Intell.},
  volume    = {26},
  number    = {10},
  pages     = {1367--1372},
  year      = {2004},
  url       = {https://doi.org/10.1109/TPAMI.2004.75},
  doi       = {10.1109/TPAMI.2004.75},
  timestamp = {Wed, 14 Nov 2018 10:51:18 +0100},
  biburl    = {https://dblp.org/rec/journals/pami/CordellaFSV04.bib},
  bibsource = {dblp computer science bibliography, https://dblp.org}
}

@inproceedings{turboflux,
  author    = {Kyoungmin Kim and
               In Seo and
               Wook{-}Shin Han and
               Jeong{-}Hoon Lee and
               Sungpack Hong and
               Hassan Chafi and
               Hyungyu Shin and
               Geonhwa Jeong},
  editor    = {Gautam Das and
               Christopher M. Jermaine and
               Philip A. Bernstein},
  title     = {TurboFlux: {A} Fast Continuous Subgraph Matching System for Streaming
               Graph Data},
  booktitle = {Proceedings of the 2018 International Conference on Management of
               Data, {SIGMOD} Conference 2018, Houston, TX, USA, June 10-15, 2018},
  pages     = {411--426},
  publisher = {{ACM}},
  year      = {2018},
  url       = {https://doi.org/10.1145/3183713.3196917},
  doi       = {10.1145/3183713.3196917},
  timestamp = {Wed, 21 Nov 2018 12:44:08 +0100},
  biburl    = {https://dblp.org/rec/conf/sigmod/KimSHLHCSJ18.bib},
  bibsource = {dblp computer science bibliography, https://dblp.org}
}

@article{Fan13,
  author    = {Wenfei Fan and
               Xin Wang and
               Yinghui Wu},
  title     = {Incremental graph pattern matching},
  journal   = {{ACM} Trans. Database Syst.},
  volume    = {38},
  number    = {3},
  pages     = {18:1--18:47},
  year      = {2013},
  url       = {http://doi.acm.org/10.1145/2489791},
  doi       = {10.1145/2489791},
  timestamp = {Fri, 02 Nov 2018 09:32:09 +0100},
  biburl    = {https://dblp.org/rec/journals/tods/FanWW13.bib},
  bibsource = {dblp computer science bibliography, https://dblp.org}
}

@inproceedings{benu,
  author    = {Zhaokang Wang and
               Rong Gu and
               Weiwei Hu and
               Chunfeng Yuan and
               Yihua Huang},
  title     = {{BENU:} Distributed Subgraph Enumeration with Backtracking-Based Framework},
  booktitle = {35th {IEEE} International Conference on Data Engineering, {ICDE} 2019,
               Macao, China, April 8-11, 2019},
  pages     = {136--147},
  publisher = {{IEEE}},
  year      = {2019},
  url       = {https://doi.org/10.1109/ICDE.2019.00021},
  doi       = {10.1109/ICDE.2019.00021},
  timestamp = {Wed, 16 Oct 2019 14:14:56 +0200},
  biburl    = {https://dblp.org/rec/conf/icde/WangGHYH19.bib},
  bibsource = {dblp computer science bibliography, https://dblp.org}
}

@article{Lai:vldb19,
  author    = {Longbin Lai and
               Zhu Qing and
               Zhengyi Yang and
               Xin Jin and
               Zhengmin Lai and
               Ran Wang and
               Kongzhang Hao and
               Xuemin Lin and
               Lu Qin and
               Wenjie Zhang and
               Ying Zhang and
               Zhengping Qian and
               Jingren Zhou},
  title     = {Distributed Subgraph Matching on Timely Dataflow},
  journal   = {Proc. {VLDB} Endow.},
  volume    = {12},
  number    = {10},
  pages     = {1099--1112},
  year      = {2019},
  url       = {http://www.vldb.org/pvldb/vol12/p1099-lai.pdf},
  doi       = {10.14778/3339490.3339494},
  timestamp = {Sat, 25 Apr 2020 13:59:15 +0200},
  biburl    = {https://dblp.org/rec/journals/pvldb/LaiQYJLWHLQZZQZ19.bib},
  bibsource = {dblp computer science bibliography, https://dblp.org}
}

@inproceedings{Sun2:icde19,
  author    = {Shixuan Sun and
               Qiong Luo},
  title     = {Scaling Up Subgraph Query Processing with Efficient Subgraph Matching},
  booktitle = {35th {IEEE} International Conference on Data Engineering, {ICDE} 2019,
               Macao, China, April 8-11, 2019},
  pages     = {220--231},
  publisher = {{IEEE}},
  year      = {2019},
  url       = {https://doi.org/10.1109/ICDE.2019.00028},
  doi       = {10.1109/ICDE.2019.00028},
  timestamp = {Wed, 16 Oct 2019 14:14:56 +0200},
  biburl    = {https://dblp.org/rec/conf/icde/Sun019.bib},
  bibsource = {dblp computer science bibliography, https://dblp.org}
}

@inproceedings{Sun:icde19,
  author    = {Shixuan Sun and
               Yulin Che and
               Lipeng Wang and
               Qiong Luo},
  title     = {Efficient Parallel Subgraph Enumeration on a Single Machine},
  booktitle = {35th {IEEE} International Conference on Data Engineering, {ICDE} 2019,
               Macao, China, April 8-11, 2019},
  pages     = {232--243},
  publisher = {{IEEE}},
  year      = {2019},
  url       = {https://doi.org/10.1109/ICDE.2019.00029},
  doi       = {10.1109/ICDE.2019.00029},
  timestamp = {Wed, 16 Oct 2019 14:14:56 +0200},
  biburl    = {https://dblp.org/rec/conf/icde/SunCW019.bib},
  bibsource = {dblp computer science bibliography, https://dblp.org}
}

@inproceedings{peregrine,
  author    = {Kasra Jamshidi and
               Rakesh Mahadasa and
               Keval Vora},
  editor    = {Angelos Bilas and
               Kostas Magoutis and
               Evangelos P. Markatos and
               Dejan Kostic and
               Margo Seltzer},
  title     = {Peregrine: a pattern-aware graph mining system},
  booktitle = {EuroSys '20: Fifteenth EuroSys Conference 2020, Heraklion, Greece,
               April 27-30, 2020},
  pages     = {13:1--13:16},
  publisher = {{ACM}},
  year      = {2020},
  url       = {https://doi.org/10.1145/3342195.3387548},
  doi       = {10.1145/3342195.3387548},
  timestamp = {Wed, 06 May 2020 14:37:11 +0200},
  biburl    = {https://dblp.org/rec/conf/eurosys/JamshidiMV20.bib},
  bibsource = {dblp computer science bibliography, https://dblp.org}
}

@article{Ullmann,
  author    = {Julian R. Ullmann},
  title     = {An Algorithm for Subgraph Isomorphism},
  journal   = {J. {ACM}},
  volume    = {23},
  number    = {1},
  pages     = {31--42},
  year      = {1976},
  url       = {http://doi.acm.org/10.1145/321921.321925},
  doi       = {10.1145/321921.321925},
  timestamp = {Wed, 14 Nov 2018 10:35:26 +0100},
  biburl    = {https://dblp.org/rec/journals/jacm/Ullmann76.bib},
  bibsource = {dblp computer science bibliography, https://dblp.org}
}

@article{Sahu:vldb20,
  author    = {Siddhartha Sahu and
               Amine Mhedhbi and
               Semih Salihoglu and
               Jimmy Lin and
               M. Tamer {\"{O}}zsu},
  title     = {The ubiquity of large graphs and surprising challenges of graph processing:
               extended survey},
  journal   = {{VLDB} J.},
  volume    = {29},
  number    = {2},
  pages     = {595--618},
  year      = {2020},
  url       = {https://doi.org/10.1007/s00778-019-00548-x},
  doi       = {10.1007/s00778-019-00548-x},
  timestamp = {Fri, 27 Mar 2020 08:37:36 +0100},
  biburl    = {https://dblp.org/rec/journals/vldb/SahuMSLO20.bib},
  bibsource = {dblp computer science bibliography, https://dblp.org}
}

@article{Mhedhbi:vldb19,
  author    = {Amine Mhedhbi and
               Semih Salihoglu},
  title     = {Optimizing Subgraph Queries by Combining Binary and Worst-Case Optimal
               Joins},
  journal   = {Proc. {VLDB} Endow.},
  volume    = {12},
  number    = {11},
  pages     = {1692--1704},
  year      = {2019},
  url       = {http://www.vldb.org/pvldb/vol12/p1692-mhedhbi.pdf},
  doi       = {10.14778/3342263.3342643},
  timestamp = {Sat, 25 Apr 2020 13:58:37 +0200},
  biburl    = {https://dblp.org/rec/journals/pvldb/MhedhbiS19.bib},
  bibsource = {dblp computer science bibliography, https://dblp.org}
}

@article{Zhao:vldb10,
  author    = {Peixiang Zhao and
               Jiawei Han},
  title     = {On Graph Query Optimization in Large Networks},
  journal   = {Proc. {VLDB} Endow.},
  volume    = {3},
  number    = {1},
  pages     = {340--351},
  year      = {2010},
  url       = {http://www.vldb.org/pvldb/vldb2010/pvldb\_vol3/R30.pdf},
  doi       = {10.14778/1920841.1920887},
  timestamp = {Sat, 25 Apr 2020 13:59:36 +0200},
  biburl    = {https://dblp.org/rec/journals/pvldb/ZhaoH10.bib},
  bibsource = {dblp computer science bibliography, https://dblp.org}
}

@article{Shang:vldb08,
  author    = {Haichuan Shang and
               Ying Zhang and
               Xuemin Lin and
               Jeffrey Xu Yu},
  title     = {Taming verification hardness: an efficient algorithm for testing subgraph
               isomorphism},
  journal   = {Proc. {VLDB} Endow.},
  volume    = {1},
  number    = {1},
  pages     = {364--375},
  year      = {2008},
  url       = {http://www.vldb.org/pvldb/vol1/1453899.pdf},
  doi       = {10.14778/1453856.1453899},
  timestamp = {Sat, 25 Apr 2020 13:59:16 +0200},
  biburl    = {https://dblp.org/rec/journals/pvldb/ShangZLY08.bib},
  bibsource = {dblp computer science bibliography, https://dblp.org}
}

@article{Lee:vldb12,
  author    = {Jinsoo Lee and
               Wook{-}Shin Han and
               Romans Kasperovics and
               Jeong{-}Hoon Lee},
  title     = {An In-depth Comparison of Subgraph Isomorphism Algorithms in Graph
               Databases},
  journal   = {Proc. {VLDB} Endow.},
  volume    = {6},
  number    = {2},
  pages     = {133--144},
  year      = {2012},
  url       = {http://www.vldb.org/pvldb/vol6/p133-han.pdf},
  doi       = {10.14778/2535568.2448946},
  timestamp = {Sat, 25 Apr 2020 13:58:47 +0200},
  biburl    = {https://dblp.org/rec/journals/pvldb/LeeHKL12.bib},
  bibsource = {dblp computer science bibliography, https://dblp.org}
}

@article{pangolin,
  author    = {Xuhao Chen and
               Roshan Dathathri and
               Gurbinder Gill and
               Keshav Pingali},
  title     = {Pangolin: An Efficient and Flexible Graph Mining System on {CPU} and
               {GPU}},
  journal   = {Proc. {VLDB} Endow.},
  volume    = {13},
  number    = {8},
  pages     = {1190--1205},
  year      = {2020},
  url       = {http://www.vldb.org/pvldb/vol13/p1190-chen.pdf},
  timestamp = {Wed, 13 May 2020 17:45:23 +0200},
  biburl    = {https://dblp.org/rec/journals/pvldb/ChenDGP20.bib},
  bibsource = {dblp computer science bibliography, https://dblp.org}
}

@inproceedings{turboiso,
  author    = {Wook{-}Shin Han and
               Jinsoo Lee and
               Jeong{-}Hoon Lee},
  editor    = {Kenneth A. Ross and
               Divesh Srivastava and
               Dimitris Papadias},
  title     = {Turbo\({}_{\mbox{iso}}\): towards ultrafast and robust subgraph isomorphism
               search in large graph databases},
  booktitle = {Proceedings of the {ACM} {SIGMOD} International Conference on Management
               of Data, {SIGMOD} 2013, New York, NY, USA, June 22-27, 2013},
  pages     = {337--348},
  publisher = {{ACM}},
  year      = {2013},
  url       = {https://doi.org/10.1145/2463676.2465300},
  doi       = {10.1145/2463676.2465300},
  timestamp = {Tue, 06 Nov 2018 11:07:39 +0100},
  biburl    = {https://dblp.org/rec/conf/sigmod/HanLL13.bib},
  bibsource = {dblp computer science bibliography, https://dblp.org}
}

@article{BigJoin,
  author    = {Khaled Ammar and
               Frank McSherry and
               Semih Salihoglu and
               Manas Joglekar},
  title     = {Distributed Evaluation of Subgraph Queries Using Worst-case Optimal
               and Low-Memory Dataflows},
  journal   = {{PVLDB}},
  volume    = {11},
  number    = {6},
  pages     = {691--704},
  year      = {2018},
  url       = {http://www.vldb.org/pvldb/vol11/p691-ammar.pdf},
  doi       = {10.14778/3184470.3184473},
  timestamp = {Tue, 16 Oct 2018 15:27:07 +0200},
  biburl    = {https://dblp.org/rec/journals/pvldb/AmmarMSJ18.bib},
  bibsource = {dblp computer science bibliography, https://dblp.org}
}

@article{CrystalJoin,
  author    = {Miao Qiao and
               Hao Zhang and
               Hong Cheng},
  title     = {Subgraph Matching: on Compression and Computation},
  journal   = {{PVLDB}},
  volume    = {11},
  number    = {2},
  pages     = {176--188},
  year      = {2017},
  url       = {http://www.vldb.org/pvldb/vol11/p176-qiao.pdf},
  doi       = {10.14778/3149193.3149198},
  timestamp = {Fri, 02 Nov 2018 09:31:30 +0100},
  biburl    = {https://dblp.org/rec/journals/pvldb/QiaoZC17.bib},
  bibsource = {dblp computer science bibliography, https://dblp.org}
}

@article{CliqueJoin,
  author    = {Longbin Lai and
               Lu Qin and
               Xuemin Lin and
               Ying Zhang and
               Lijun Chang},
  title     = {Scalable Distributed Subgraph Enumeration},
  journal   = {{PVLDB}},
  volume    = {10},
  number    = {3},
  pages     = {217--228},
  year      = {2016},
  url       = {http://www.vldb.org/pvldb/vol10/p217-lai.pdf},
  doi       = {10.14778/3021924.3021937},
  timestamp = {Sat, 19 Oct 2019 19:28:15 +0200},
  biburl    = {https://dblp.org/rec/journals/pvldb/LaiQLZC16.bib},
  bibsource = {dblp computer science bibliography, https://dblp.org}
}

@inproceedings{PSgL,
  author    = {Yingxia Shao and
               Bin Cui and
               Lei Chen and
               Lin Ma and
               Junjie Yao and
               Ning Xu},
  editor    = {Curtis E. Dyreson and
               Feifei Li and
               M. Tamer {\"{O}}zsu},
  title     = {Parallel subgraph listing in a large-scale graph},
  booktitle = {International Conference on Management of Data, {SIGMOD} 2014, Snowbird,
               UT, USA, June 22-27, 2014},
  pages     = {625--636},
  publisher = {{ACM}},
  year      = {2014},
  url       = {https://doi.org/10.1145/2588555.2588557},
  doi       = {10.1145/2588555.2588557},
  timestamp = {Wed, 14 Nov 2018 10:56:19 +0100},
  biburl    = {https://dblp.org/rec/conf/sigmod/ShaoCCMYX14.bib},
  bibsource = {dblp computer science bibliography, https://dblp.org}
}

@article{StarJoin,
  author    = {Zhao Sun and
               Hongzhi Wang and
               Haixun Wang and
               Bin Shao and
               Jianzhong Li},
  title     = {Efficient Subgraph Matching on Billion Node Graphs},
  journal   = {{PVLDB}},
  volume    = {5},
  number    = {9},
  pages     = {788--799},
  year      = {2012},
  url       = {http://vldb.org/pvldb/vol5/p788\_zhaosun\_vldb2012.pdf},
  doi       = {10.14778/2311906.2311907},
  timestamp = {Fri, 02 Nov 2018 09:31:29 +0100},
  biburl    = {https://dblp.org/rec/journals/pvldb/SunWWSL12.bib},
  bibsource = {dblp computer science bibliography, https://dblp.org}
}

@inproceedings{Wang:ICDE19,
  author    = {Zhaokang Wang and
               Rong Gu and
               Weiwei Hu and
               Chunfeng Yuan and
               Yihua Huang},
  title     = {{BENU:} Distributed Subgraph Enumeration with Backtracking-Based Framework},
  booktitle = {35th {IEEE} International Conference on Data Engineering, {ICDE} 2019,
               Macao, China, April 8-11, 2019},
  pages     = {136--147},
  publisher = {{IEEE}},
  year      = {2019},
  url       = {https://doi.org/10.1109/ICDE.2019.00021},
  doi       = {10.1109/ICDE.2019.00021},
  timestamp = {Wed, 16 Oct 2019 14:14:56 +0200},
  biburl    = {https://dblp.org/rec/conf/icde/WangGHYH19.bib},
  bibsource = {dblp computer science bibliography, https://dblp.org}
}

@inproceedings{ceci,
  author    = {Bibek Bhattarai and
               Hang Liu and
               H. Howie Huang},
  editor    = {Peter A. Boncz and
               Stefan Manegold and
               Anastasia Ailamaki and
               Amol Deshpande and
               Tim Kraska},
  title     = {{CECI:} Compact Embedding Cluster Index for Scalable Subgraph Matching},
  booktitle = {Proceedings of the 2019 International Conference on Management of
               Data, {SIGMOD} Conference 2019, Amsterdam, The Netherlands, June 30
               - July 5, 2019},
  pages     = {1447--1462},
  publisher = {{ACM}},
  year      = {2019},
  url       = {https://doi.org/10.1145/3299869.3300086},
  doi       = {10.1145/3299869.3300086},
  timestamp = {Tue, 03 Sep 2019 15:35:40 +0200},
  biburl    = {https://dblp.org/rec/conf/sigmod/BhattaraiLH19.bib},
  bibsource = {dblp computer science bibliography, https://dblp.org}
}

@inproceedings{light,
  author    = {Shixuan Sun and
               Yulin Che and
               Lipeng Wang and
               Qiong Luo},
  title     = {Efficient Parallel Subgraph Enumeration on a Single Machine},
  booktitle = {35th {IEEE} International Conference on Data Engineering, {ICDE} 2019,
               Macao, China, April 8-11, 2019},
  pages     = {232--243},
  publisher = {{IEEE}},
  year      = {2019},
  url       = {https://doi.org/10.1109/ICDE.2019.00029},
  doi       = {10.1109/ICDE.2019.00029},
  timestamp = {Wed, 16 Oct 2019 14:14:56 +0200},
  biburl    = {https://dblp.org/rec/conf/icde/SunCW019.bib},
  bibsource = {dblp computer science bibliography, https://dblp.org}
}

@inproceedings{Han:SIGMOD19,
  author    = {Myoungji Han and
               Hyunjoon Kim and
               Geonmo Gu and
               Kunsoo Park and
               Wook{-}Shin Han},
  editor    = {Peter A. Boncz and
               Stefan Manegold and
               Anastasia Ailamaki and
               Amol Deshpande and
               Tim Kraska},
  title     = {Efficient Subgraph Matching: Harmonizing Dynamic Programming, Adaptive
               Matching Order, and Failing Set Together},
  booktitle = {Proceedings of the 2019 International Conference on Management of
               Data, {SIGMOD} Conference 2019, Amsterdam, The Netherlands, June 30
               - July 5, 2019},
  pages     = {1429--1446},
  publisher = {{ACM}},
  year      = {2019},
  url       = {https://doi.org/10.1145/3299869.3319880},
  doi       = {10.1145/3299869.3319880},
  timestamp = {Sat, 22 Jun 2019 17:10:04 +0200},
  biburl    = {https://dblp.org/rec/conf/sigmod/HanKGPH19.bib},
  bibsource = {dblp computer science bibliography, https://dblp.org}
}

@inproceedings{symmetry,
  author    = {Joshua A. Grochow and
               Manolis Kellis},
  editor    = {Terence P. Speed and
               Haiyan Huang},
  title     = {Network Motif Discovery Using Subgraph Enumeration and Symmetry-Breaking},
  booktitle = {Research in Computational Molecular Biology, 11th Annual International
               Conference, {RECOMB} 2007, Oakland, CA, USA, April 21-25, 2007, Proceedings},
  series    = {Lecture Notes in Computer Science},
  volume    = {4453},
  pages     = {92--106},
  publisher = {Springer},
  year      = {2007},
  url       = {https://doi.org/10.1007/978-3-540-71681-5\_7},
  doi       = {10.1007/978-3-540-71681-5\_7},
  timestamp = {Sun, 02 Jun 2019 21:17:17 +0200},
  biburl    = {https://dblp.org/rec/conf/recomb/GrochowK07.bib},
  bibsource = {dblp computer science bibliography, https://dblp.org}
}

@article{Latapy:TCS08,
  author    = {Matthieu Latapy},
  title     = {Main-memory triangle computations for very large (sparse (power-law))
               graphs},
  journal   = {Theor. Comput. Sci.},
  volume    = {407},
  number    = {1-3},
  pages     = {458--473},
  year      = {2008},
  url       = {https://doi.org/10.1016/j.tcs.2008.07.017},
  doi       = {10.1016/j.tcs.2008.07.017},
  timestamp = {Sun, 28 May 2017 13:20:05 +0200},
  biburl    = {https://dblp.org/rec/bib/journals/tcs/Latapy08},
  bibsource = {dblp computer science bibliography, https://dblp.org}
}

@article{kaleido,
  author    = {Cheng Zhao and
               Zhibin Zhang and
               Peng Xu and
               Tianqi Zheng and
               Xueqi Cheng},
  title     = {Kaleido: An Efficient Out-of-core Graph Mining System on {A} Single
               Machine},
  journal   = {CoRR},
  volume    = {abs/1905.09572},
  year      = {2019},
  url       = {http://arxiv.org/abs/1905.09572},
  archivePrefix = {arXiv},
}

@inproceedings{fractal,
  author    = {Vin{\'{\i}}cius Vitor dos Santos Dias and
               Carlos H. C. Teixeira and
               Dorgival O. Guedes and
               Wagner Meira Jr. and
               Srinivasan Parthasarathy},
  title     = {Fractal: {A} General-Purpose Graph Pattern Mining System},
  booktitle = {Proceedings of the 2019 International Conference on Management of
               Data, {SIGMOD} Conference 2019, Amsterdam, The Netherlands, June 30
               - July 5, 2019},
  pages     = {1357--1374},
  year      = {2019},
}

@inproceedings{Kusum:HPDC16,
  author    = {Amlan Kusum and
               Keval Vora and
               Rajiv Gupta and
               Iulian Neamtiu},
  title     = {Efficient Processing of Large Graphs via Input Reduction},
  booktitle = {Proceedings of the 25th {ACM} International Symposium on High-Performance
               Parallel and Distributed Computing, {HPDC} 2016, Kyoto, Japan, May
               31 - June 04, 2016},
  pages     = {245--257},
  year      = {2016},
}

@inproceedings{tricore,
  author    = {Yang Hu and
               Hang Liu and
               H. Howie Huang},
  title     = {TriCore: parallel triangle counting on GPUs},
  booktitle = {Proceedings of the International Conference for High Performance Computing,
               Networking, Storage, and Analysis, {SC} 2018, Dallas, TX, USA, November
               11-16, 2018},
  pages     = {14:1--14:12},
  year      = {2018},
}

@inproceedings{gspan,
  author    = {Xifeng Yan and
               Jiawei Han},
  title     = {gSpan: Graph-Based Substructure Pattern Mining},
  booktitle = {Proceedings of the 2002 {IEEE} International Conference on Data Mining
               {(ICDM} 2002), 9-12 December 2002, Maebashi City, Japan},
  pages     = {721--724},
  year      = {2002},
  url       = {https://doi.org/10.1109/ICDM.2002.1184038},
  doi       = {10.1109/ICDM.2002.1184038},
  timestamp = {Wed, 16 Oct 2019 14:14:51 +0200},
  biburl    = {https://dblp.org/rec/bib/conf/icdm/YanH02},
  bibsource = {dblp computer science bibliography, https://dblp.org}
}

@misc{graphchallenge,
  author={GraphChallenge},
  title={GraphChallenge},
  month = {November 22,},
  year = {2019},
  howpublished = {\url{https://graphchallenge.mit.edu/}},
}
@inproceedings{Zhu:ICDM18,
  author    = {Rong Zhu and
               Zhaonian Zou and
               Jianzhong Li},
  title     = {Fast Rectangle Counting on Massive Networks},
  booktitle = {{IEEE} International Conference on Data Mining, {ICDM} 2018, Singapore,
               November 17-20, 2018},
  pages     = {847--856},
  year      = {2018},
  url       = {https://doi.org/10.1109/ICDM.2018.00100},
  doi       = {10.1109/ICDM.2018.00100},
  timestamp = {Wed, 16 Oct 2019 14:14:51 +0200},
  biburl    = {https://dblp.org/rec/bib/conf/icdm/ZhuZL18},
  bibsource = {dblp computer science bibliography, https://dblp.org}
}

@article{Chu:TKDD2012,
 author = {Chu, Shumo and Cheng, James},
 title = {Triangle Listing in Massive Networks},
 journal = {ACM Trans. Knowl. Discov. Data},
 issue_date = {December 2012},
 volume = {6},
 number = {4},
 month = dec,
 year = {2012},
 issn = {1556-4681},
 pages = {17:1--17:32},
 articleno = {17},
 numpages = {32},
} 

@ARTICLE{Newman03thestructure,
    author = {M. E. J. Newman},
    title = {The structure and function of complex networks},
    journal = {SIAM REVIEW},
    year = {2003},
    volume = {45},
    pages = {167--256}
}

@inproceedings{Yang:ASONAM18,
  author    = {Carl Yang and
               Mengxiong Liu and
               Vincent W. Zheng and
               Jiawei Han},
  title     = {Node, Motif and Subgraph: Leveraging Network Functional Blocks Through
               Structural Convolution},
  booktitle = {{IEEE/ACM} 2018 International Conference on Advances in Social Networks
               Analysis and Mining, {ASONAM} 2018, Barcelona, Spain, August 28-31,
               2018},
  pages     = {47--52},
  year      = {2018},
  url       = {https://doi.org/10.1109/ASONAM.2018.8508729},
  doi       = {10.1109/ASONAM.2018.8508729},
  timestamp = {Wed, 16 Oct 2019 14:14:53 +0200},
  biburl    = {https://dblp.org/rec/bib/conf/asunam/YangLZ018},
  bibsource = {dblp computer science bibliography, https://dblp.org}
}

@article{Akoglu:CoRR2014,
  author    = {Leman Akoglu and
               Hanghang Tong and
               Danai Koutra},
  title     = {Graph-based Anomaly Detection and Description: {A} Survey},
  journal   = {CoRR},
  volume    = {abs/1404.4679},
  year      = {2014},
}

@article{Wernicke:Bioinfo2006,
 author = {Wernicke, Sebastian and Rasche, Florian},
 title = {FANMOD: A Tool for Fast Network Motif Detection},
 journal = {Bioinformatics},
 issue_date = {May 2006},
 volume = {22},
 number = {9},
 month = may,
 year = {2006},
 pages = {1152--1153},
 numpages = {2},
}

@article{Hocevar:Bioinfo2006,
  author    = {Tomaz Hocevar and
               Janez Demsar},
  title     = {A combinatorial approach to graphlet counting},
  journal   = {Bioinformatics},
  volume    = {30},
  number    = {4},
  pages     = {559--565},
  year      = {2014},
}

@inproceedings{sjtree,
  author    = {Sutanay Choudhury and
               Lawrence B. Holder and
               George Chin Jr. and
               Khushbu Agarwal and
               John Feo},
  title     = {A Selectivity based approach to Continuous Pattern Detection in Streaming
               Graphs},
  booktitle = {Proceedings of the 18th International Conference on Extending Database
               Technology, {EDBT} 2015, Brussels, Belgium, March 23-27, 2015},
  pages     = {157--168},
  year      = {2015},
}

@inproceedings{tri,
  author    = {Chad Voegele and
               Yi{-}Shan Lu and
               Sreepathi Pai and
               Keshav Pingali},
  title     = {Parallel triangle counting and k-truss identification using graph-centric
               methods},
  booktitle = {2017 {IEEE} High Performance Extreme Computing Conference, {HPEC}
               2017, Waltham, MA, USA, September 12-14, 2017},
  pages     = {1--7},
  year      = {2017},
  url       = {https://doi.org/10.1109/HPEC.2017.8091037},
  doi       = {10.1109/HPEC.2017.8091037},
  timestamp = {Tue, 07 Nov 2017 09:59:43 +0100},
  biburl    = {https://dblp.org/rec/bib/conf/hpec/VoegeleLPP17},
  bibsource = {dblp computer science bibliography, https://dblp.org}
}

@inproceedings{graphphi,
  author    = {Zhen Peng and
               Alexander Powell and
               Bo Wu and
               Tekin Bicer and
               Bin Ren},
  title     = {Graphphi: efficient parallel graph processing on emerging throughput-oriented
               architectures},
  booktitle = {Proceedings of the 27th International Conference on Parallel Architectures
               and Compilation Techniques, {PACT} 2018, Limassol, Cyprus, November
               01-04, 2018},
  pages     = {9:1--9:14},
  year      = {2018},
  url       = {https://doi.org/10.1145/3243176.3243205},
  doi       = {10.1145/3243176.3243205},
  timestamp = {Sun, 30 Jun 2019 11:47:06 +0200},
  biburl    = {https://dblp.org/rec/bib/conf/IEEEpact/PengPWBR18},
  bibsource = {dblp computer science bibliography, https://dblp.org}
}

@article{Fan:SIGMOD18,
 author = {Fan, Wenfei and Yu, Wenyuan and Xu, Jingbo and Zhou, Jingren and Luo, Xiaojian and Yin, Qiang and Lu, Ping and Cao, Yang and Xu, Ruiqi},
 title = {Parallelizing Sequential Graph Computations},
 journal = {ACM Trans. Database Syst.},
 issue_date = {December 2018},
 volume = {43},
 number = {4},
 month = dec,
 year = {2018},
 issn = {0362-5915},
 pages = {18:1--18:39},
 articleno = {18},
 numpages = {39},
 url = {http://doi.acm.org/10.1145/3282488},
 doi = {10.1145/3282488},
 acmid = {3282488},
 publisher = {ACM},
 address = {New York, NY, USA},
 keywords = {Graph computations, convergence, parallel graph query engines, parallelizing sequential algorithms, simulation},
} 

@inproceedings {asap,
author = {Anand Padmanabha Iyer and Zaoxing Liu and Xin Jin and Shivaram Venkataraman and Vladimir Braverman and Ion Stoica},
title = {{ASAP}: Fast, Approximate Graph Pattern Mining at Scale},
booktitle = {13th {USENIX} Symposium on Operating Systems Design and Implementation ({OSDI} 18)},
year = {2018},
isbn = {978-1-931971-47-8},
address = {Carlsbad, CA},
pages = {745--761},
url = {https://www.usenix.org/conference/osdi18/presentation/iyer},
publisher = {{USENIX} Association},
}

@inproceedings{gsh,
  author = "Paolo Boldi and Marco Rosa and Massimo Santini and Sebastiano Vigna",
  title = "Layered Label Propagation: A MultiResolution Coordinate-Free Ordering for Compressing Social Networks",
  booktitle = "Proceedings of the 20th international conference on World Wide Web",
  editor = "Sadagopan Srinivasan and Krithi Ramamritham and Arun Kumar and M. P. Ravindra and Elisa Bertino and Ravi Kumar",
  publisher = "ACM Press",
  year = 2011,
  pages = "587--596"
}

@inproceedings{escape,
  author    = {Ali Pinar and
               C. Seshadhri and
               Vaidyanathan Vishal},
  title     = {{ESCAPE:} Efficiently Counting All 5-Vertex Subgraphs},
  booktitle = {Proceedings of the 26th International Conference on World Wide Web,
               {WWW} 2017, Perth, Australia, April 3-7, 2017},
  pages     = {1431--1440},
  year      = {2017},
  url       = {https://doi.org/10.1145/3038912.3052597},
  doi       = {10.1145/3038912.3052597},
  timestamp = {Tue, 06 Nov 2018 16:57:09 +0100},
  biburl    = {https://dblp.org/rec/bib/conf/www/PinarSV17},
  bibsource = {dblp computer science bibliography, https://dblp.org}
}

@inproceedings{Shun:ICDE15,
  author    = {Julian Shun and
               Kanat Tangwongsan},
  title     = {Multicore triangle computations without tuning},
  booktitle = {31st {IEEE} International Conference on Data Engineering, {ICDE} 2015,
               Seoul, South Korea, April 13-17, 2015},
  pages     = {149--160},
  year      = {2015},
}

@inproceedings{Voegele:HPEC17,
  author    = {Chad Voegele and
               Yi{-}Shan Lu and
               Sreepathi Pai and
               Keshav Pingali},
  title     = {Parallel triangle counting and k-truss identification using graph-centric
               methods},
  booktitle = {2017 {IEEE} High Performance Extreme Computing Conference, {HPEC}
               2017, Waltham, MA, USA, September 12-14, 2017},
  pages     = {1--7},
  year      = {2017},
}

@inproceedings{cost,
  author    = {Frank McSherry and
               Michael Isard and
               Derek Gordon Murray},
  title     = {Scalability! But at what COST?},
  booktitle = {15th Workshop on Hot Topics in Operating Systems, HotOS XV, Kartause
               Ittingen, Switzerland, May 18-20, 2015},
  year      = {2015},
}

@inproceedings{patents,
  author    = {Jure Leskovec and
               Jon M. Kleinberg and
               Christos Faloutsos},
  title     = {Graphs over time: densification laws, shrinking diameters and possible
               explanations},
  booktitle = {Proceedings of the Eleventh {ACM} {SIGKDD} International Conference
               on Knowledge Discovery and Data Mining, Chicago, Illinois, USA, August
               21-24, 2005},
  pages     = {177--187},
  year      = {2005},
}

@inproceedings{uk2005,
  author    = {Paolo Boldi and
               Sebastiano Vigna},
  title     = {The webgraph framework {I:} compression techniques},
  booktitle = {Proceedings of the 13th international conference on World Wide Web,
               {WWW} 2004, New York, NY, USA, May 17-20, 2004},
  pages     = {595--602},
  year      = {2004},
}
@inproceedings{livejournal,
 author = {Backstrom, Lars and Huttenlocher, Dan and Kleinberg, Jon and Lan, Xiangyang},
 title = {Group Formation in Large Social Networks: Membership, Growth, and Evolution},
 booktitle = {Proceedings of the 12th ACM SIGKDD International Conference on Knowledge Discovery and Data Mining},
 series = {KDD '06},
 year = {2006},
 isbn = {1-59593-339-5},
 location = {Philadelphia, PA, USA},
 pages = {44--54},
 numpages = {11},
 url = {http://doi.acm.org/10.1145/1150402.1150412},
 doi = {10.1145/1150402.1150412},
 acmid = {1150412},
 publisher = {ACM},
 address = {New York, NY, USA},
 keywords = {diffusion of innovations, on-line communities, social networks},
}
@article{yang2015defining,
  title={Defining and evaluating network communities based on ground-truth},
  author={Yang, Jaewon and Leskovec, Jure},
  journal={Knowledge and Information Systems},
  volume={42},
  number={1},
  pages={181--213},
  year={2015},
  publisher={Springer}
}
@misc{orkut,
  title={Orkut social network},
  month = {November 22,},
  year = {2019},
  howpublished = {\url{http://snap.stanford.edu/data/com-Orkut.html}},
}

@article{grami,
  author    = {Mohammed Elseidy and
               Ehab Abdelhamid and
               Spiros Skiadopoulos and
               Panos Kalnis},
  title     = {{GRAMI:} Frequent Subgraph and Pattern Mining in a Single Large Graph},
  journal   = {{PVLDB}},
  volume    = {7},
  number    = {7},
  pages     = {517--528},
  year      = {2014},
  url       = {http://www.vldb.org/pvldb/vol7/p517-elseidy.pdf},
  doi       = {10.14778/2732286.2732289},
  timestamp = {Fri, 02 Nov 2018 09:31:30 +0100},
  biburl    = {https://dblp.org/rec/bib/journals/pvldb/ElseidyASK14},
  bibsource = {dblp computer science bibliography, https://dblp.org}
}
@article{graphmat,
 author = {Sundaram, Narayanan and Satish, Nadathur and Patwary, Md Mostofa Ali and Dulloor, Subramanya R. and Anderson, Michael J. and Vadlamudi, Satya Gautam and Das, Dipankar and Dubey, Pradeep},
 title = {GraphMat: High Performance Graph Analytics Made Productive},
 journal = {Proc. VLDB Endow.},
 issue_date = {July 2015},
 volume = {8},
 number = {11},
 month = jul,
 year = {2015},
}
@inproceedings{xstream,
 author = {Roy, Amitabha and Mihailovic, Ivo and Zwaenepoel, Willy},
 title = {X-Stream: Edge-centric Graph Processing Using Streaming Partitions},
 booktitle = {Proceedings of the Twenty-Fourth ACM Symposium on Operating Systems Principles},
 series = {SOSP '13},
 year = {2013},
 isbn = {978-1-4503-2388-8},
 location = {Farminton, Pennsylvania},
 pages = {472--488},
 numpages = {17},
}
@inproceedings{gram,
  author    = {Ming Wu and
               Fan Yang and
               Jilong Xue and
               Wencong Xiao and
               Youshan Miao and
               Lan Wei and
               Haoxiang Lin and
               Yafei Dai and
               Lidong Zhou},
  title     = {GraM: scaling graph computation to the trillions},
  booktitle = {Proceedings of the Sixth {ACM} Symposium on Cloud Computing, SoCC
               2015, Kohala Coast, Hawaii, USA, August 27-29, 2015},
  pages     = {408--421},
  year      = {2015},
}
@inproceedings{polymer,
  author    = {Kaiyuan Zhang and
               Rong Chen and
               Haibo Chen},
  title     = {NUMA-aware graph-structured analytics},
  booktitle = {Proceedings of the 20th {ACM} {SIGPLAN} Symposium on Principles and
               Practice of Parallel Programming, PPoPP 2015, San Francisco, CA, USA,
               February 7-11, 2015},
  pages     = {183--193},
  year      = {2015},
}

@inproceedings{ligra,
 author = {Shun, Julian and Blelloch, Guy E.},
 title = {Ligra: A Lightweight Graph Processing Framework for Shared Memory},
 booktitle = {Proceedings of the 18th ACM SIGPLAN Symposium on Principles and Practice of Parallel Programming},
 series = {PPoPP '13},
 year = {2013},
 location = {Shenzhen, China},
 pages = {135--146},
 numpages = {12},
}
@article{Gill:VLDB18,
  author    = {Gurbinder Gill and
               Roshan Dathathri and
               Loc Hoang and
               Keshav Pingali},
  title     = {A Study of Partitioning Policies for Graph Analytics on Large-scale
               Distributed Platforms},
  journal   = {{PVLDB}},
  volume    = {12},
  number    = {4},
  pages     = {321--334},
  year      = {2018},
  url       = {http://www.vldb.org/pvldb/vol12/p321-gill.pdf},
  timestamp = {Tue, 02 Apr 2019 16:58:05 +0200},
  biburl    = {https://dblp.org/rec/bib/journals/pvldb/GillDHP18},
  bibsource = {dblp computer science bibliography, https://dblp.org}
}

@inproceedings{naiad,
  author    = {Derek Gordon Murray and
               Frank McSherry and
               Rebecca Isaacs and
               Michael Isard and
               Paul Barham and
               Mart{\'{\i}}n Abadi},
  title     = {Naiad: a timely dataflow system},
  booktitle = {{ACM} {SIGOPS} 24th Symposium on Operating Systems Principles, {SOSP}
               '13, Farmington, PA, USA, November 3-6, 2013},
  pages     = {439--455},
  year      = {2013},
}

@inproceedings{Shi:OSDI16,
  author    = {Jiaxin Shi and
               Youyang Yao and
               Rong Chen and
               Haibo Chen and
               Feifei Li},
  title     = {Fast and Concurrent {RDF} Queries with RDMA-Based Distributed Graph
               Exploration},
  booktitle = {12th {USENIX} Symposium on Operating Systems Design and Implementation,
               {OSDI} 2016, Savannah, GA, USA, November 2-4, 2016.},
  pages     = {317--332},
  year      = {2016},
}

@inproceedings{cube,
  author    = {Mingxing Zhang and
               Yongwei Wu and
               Kang Chen and
               Xuehai Qian and
               Xue Li and
               Weimin Zheng},
  title     = {Exploring the Hidden Dimension in Graph Processing},
  booktitle = {12th {USENIX} Symposium on Operating Systems Design and Implementation,
               {OSDI} 2016, Savannah, GA, USA, November 2-4, 2016.},
  pages     = {285--300},
  year      = {2016},
}

@article{blogel,
  author    = {Da Yan and
               James Cheng and
               Yi Lu and
               Wilfred Ng},
  title     = {Blogel: {A} Block-Centric Framework for Distributed Computation on
               Real-World Graphs},
  journal   = {{PVLDB}},
  volume    = {7},
  number    = {14},
  pages     = {1981--1992},
  year      = {2014},
  url       = {http://www.vldb.org/pvldb/vol7/p1981-yan.pdf},
  doi       = {10.14778/2733085.2733103},
  timestamp = {Thu, 16 Aug 2018 11:33:44 +0200},
  biburl    = {https://dblp.org/rec/bib/journals/pvldb/YanCLN14},
  bibsource = {dblp computer science bibliography, https://dblp.org}
}

@inproceedings{chaos,
 author = {Roy, Amitabha and Bindschaedler, Laurent and Malicevic, Jasmina and Zwaenepoel, Willy},
 title = {Chaos: Scale-out Graph Processing from Secondary Storage},
 booktitle = {Proceedings of the 25th Symposium on Operating Systems Principles},
 series = {SOSP '15},
 year = {2015},
 location = {Monterey, California},
 pages = {410--424},
 numpages = {15},
}
@inproceedings{pregel,
 author = {Malewicz, Grzegorz and Austern, Matthew H. and Bik, Aart J.C and Dehnert, James C. and Horn, Ilan and Leiser, Naty and Czajkowski, Grzegorz},
 title = {Pregel: A System for Large-scale Graph Processing},
 booktitle = {Proceedings of the 2010 ACM SIGMOD International Conference on Management of Data},
 series = {SIGMOD '10},
 year = {2010},
 location = {Indianapolis, Indiana, USA},
 pages = {135--146},
 numpages = {12},
}

@article{graphlab,
  author    = {Yucheng Low and
               Joseph Gonzalez and
               Aapo Kyrola and
               Danny Bickson and
               Carlos Guestrin and
               Joseph M. Hellerstein},
  title     = {Distributed GraphLab: {A} Framework for Machine Learning in the Cloud},
  journal   = {{PVLDB}},
  volume    = {5},
  number    = {8},
  pages     = {716--727},
  year      = {2012},
}

@inproceedings{graphchi,
 author = {Kyrola, Aapo and Blelloch, Guy and Guestrin, Carlos},
 title = {GraphChi: Large-scale Graph Computation on Just a PC},
 booktitle = {Proceedings of the 10th USENIX Conference on Operating Systems Design and Implementation},
 series = {OSDI'12},
 year = {2012},
 isbn = {978-1-931971-96-6},
 location = {Hollywood, CA, USA},
 pages = {31--46},
 numpages = {16},
}

@inproceedings {graphx,
author = {Joseph E. Gonzalez and Reynold S. Xin and Ankur Dave and Daniel Crankshaw and Michael J. Franklin and Ion Stoica},
title = {GraphX: Graph Processing in a Distributed Dataflow Framework},
booktitle = {11th {USENIX} Symposium on Operating Systems Design and Implementation ({OSDI} 14)},
year = {2014},
isbn = { 978-1-931971-16-4},
address = {Broomfield, CO},
pages = {599--613},
url = {https://www.usenix.org/conference/osdi14/technical-sessions/presentation/gonzalez},
publisher = {{USENIX} Association},
}

@inproceedings{galois,
  author    = {Donald Nguyen and
               Andrew Lenharth and
               Keshav Pingali},
  title     = {A lightweight infrastructure for graph analytics},
  booktitle = {{ACM} {SIGOPS} 24th Symposium on Operating Systems Principles, {SOSP}
               '13, Farmington, PA, USA, November 3-6, 2013},
  pages     = {456--471},
  year      = {2013},
}

@inproceedings{powerlya,
  author    = {Rong Chen and
               Jiaxin Shi and
               Yanzhe Chen and
               Haibo Chen},
  title     = {PowerLyra: differentiated graph computation and partitioning on skewed
               graphs},
  booktitle = {Proceedings of the Tenth European Conference on Computer Systems,
               EuroSys 2015, Bordeaux, France, April 21-24, 2015},
  pages     = {1:1--1:15},
  year      = {2015},
}

@inproceedings{graphblas,
  author    = {Jeremy Kepner and
               Peter Aaltonen and
               David A. Bader and
               Aydin Bulu{\c{c}} and
               Franz Franchetti and
               John R. Gilbert and
               Dylan Hutchison and
               Manoj Kumar and
               Andrew Lumsdaine and
               Henning Meyerhenke and
               Scott McMillan and
               Carl Yang and
               John D. Owens and
               Marcin Zalewski and
               Timothy G. Mattson and
               Jos{\'{e}} E. Moreira},
  title     = {Mathematical foundations of the GraphBLAS},
  booktitle = {2016 {IEEE} High Performance Extreme Computing Conference, {HPEC}
               2016, Waltham, MA, USA, September 13-15, 2016},
  pages     = {1--9},
  year      = {2016},
}

@inproceedings{tvm,
  author    = {Tianqi Chen and
               Thierry Moreau and
               Ziheng Jiang and
               Lianmin Zheng and
               Eddie Q. Yan and
               Haichen Shen and
               Meghan Cowan and
               Leyuan Wang and
               Yuwei Hu and
               Luis Ceze and
               Carlos Guestrin and
               Arvind Krishnamurthy},
  title     = {{TVM:} An Automated End-to-End Optimizing Compiler for Deep Learning},
  booktitle = {13th {USENIX} Symposium on Operating Systems Design and Implementation,
               {OSDI} 2018, Carlsbad, CA, USA, October 8-10, 2018.},
  pages     = {578--594},
  year      = {2018},
}

@article{halide,
  author    = {Tzu{-}Mao Li and
               Micha{\"{e}}l Gharbi and
               Andrew Adams and
               Fr{\'{e}}do Durand and
               Jonathan Ragan{-}Kelley},
  title     = {Differentiable programming for image processing and deep learning
               in halide},
  journal   = {{ACM} Trans. Graph.},
  volume    = {37},
  number    = {4},
  pages     = {139:1--139:13},
  year      = {2018},
  url       = {https://doi.org/10.1145/3197517.3201383},
  doi       = {10.1145/3197517.3201383},
  timestamp = {Wed, 21 Nov 2018 12:44:28 +0100},
  biburl    = {https://dblp.org/rec/bib/journals/tog/LiGADR18},
  bibsource = {dblp computer science bibliography, https://dblp.org}
}

@inproceedings{Gill:EuroPar18,
  author    = {Gurbinder Gill and
               Roshan Dathathri and
               Loc Hoang and
               Andrew Lenharth and
               Keshav Pingali},
  title     = {Abelian: {A} Compiler for Graph Analytics on Distributed, Heterogeneous
               Platforms},
  booktitle = {Euro-Par 2018: Parallel Processing - 24th International Conference
               on Parallel and Distributed Computing, Turin, Italy, August 27-31,
               2018, Proceedings},
  pages     = {249--264},
  year      = {2018},
}

@inproceedings{Pai:OOPSLA06,
  author    = {Sreepathi Pai and
               Keshav Pingali},
  title     = {A compiler for throughput optimization of graph algorithms on GPUs},
  booktitle = {Proceedings of the 2016 {ACM} {SIGPLAN} International Conference on
               Object-Oriented Programming, Systems, Languages, and Applications,
               {OOPSLA} 2016, part of {SPLASH} 2016, Amsterdam, The Netherlands,
               October 30 - November 4, 2016},
  pages     = {1--19},
  year      = {2016},
}

@article{graphit,
  author    = {Yunming Zhang and
               Mengjiao Yang and
               Riyadh Baghdadi and
               Shoaib Kamil and
               Julian Shun and
               Saman P. Amarasinghe},
  title     = {GraphIt: a high-performance graph {DSL}},
  journal   = {{PACMPL}},
  volume    = {2},
  number    = {{OOPSLA}},
  pages     = {121:1--121:30},
  year      = {2018},
  url       = {https://doi.org/10.1145/3276491},
  doi       = {10.1145/3276491},
  timestamp = {Wed, 21 Nov 2018 12:44:28 +0100},
  biburl    = {https://dblp.org/rec/bib/journals/pacmpl/ZhangYBKSA18},
  bibsource = {dblp computer science bibliography, https://dblp.org}
}

@inproceedings{flashgraph,
  author    = {Da Zheng and
               Disa Mhembere and
               Randal C. Burns and
               Joshua T. Vogelstein and
               Carey E. Priebe and
               Alexander S. Szalay},
  title     = {FlashGraph: Processing Billion-Node Graphs on an Array of Commodity
               SSDs},
  booktitle = {Proceedings of the 13th {USENIX} Conference on File and Storage Technologies,
               {FAST} 2015, Santa Clara, CA, USA, February 16-19, 2015},
  pages     = {45--58},
  year      = {2015},
}

@inproceedings{turbograph,
  author    = {Wook{-}Shin Han and
               Sangyeon Lee and
               Kyungyeol Park and
               Jeong{-}Hoon Lee and
               Min{-}Soo Kim and
               Jinha Kim and
               Hwanjo Yu},
  title     = {TurboGraph: a fast parallel graph engine handling billion-scale graphs
               in a single {PC}},
  booktitle = {The 19th {ACM} {SIGKDD} International Conference on Knowledge Discovery
               and Data Mining, {KDD} 2013, Chicago, IL, USA, August 11-14, 2013},
  pages     = {77--85},
  year      = {2013},
}

@inproceedings {gridgraph,
author = {Xiaowei Zhu and Wentao Han and Wenguang Chen},
title = {GridGraph: Large-Scale Graph Processing on a Single Machine Using 2-Level Hierarchical Partitioning},
booktitle = {2015 {USENIX} Annual Technical Conference ({USENIX} {ATC} 15)},
year = {2015},
isbn = {978-1-931971-225},
address = {Santa Clara, CA},
pages = {375--386},
url = {https://www.usenix.org/conference/atc15/technical-session/presentation/zhu},
publisher = {{USENIX} Association},
}

@inproceedings{wonderland,
  author    = {Mingxing Zhang and
               Yongwei Wu and
               Youwei Zhuo and
               Xuehai Qian and
               Chengying Huan and
               Kang Chen},
  title     = {Wonderland: {A} Novel Abstraction-Based Out-Of-Core Graph Processing
               System},
  booktitle = {Proceedings of the Twenty-Third International Conference on Architectural
               Support for Programming Languages and Operating Systems, {ASPLOS}
               2018, Williamsburg, VA, USA, March 24-28, 2018},
  pages     = {608--621},
  year      = {2018},
}

@inproceedings{Ai:ATC17,
  author    = {Zhiyuan Ai and
               Mingxing Zhang and
               Yongwei Wu and
               Xuehai Qian and
               Kang Chen and
               Weimin Zheng},
  title     = {Squeezing out All the Value of Loaded Data: An Out-of-core Graph Processing
               System with Reduced Disk {I/O}},
  booktitle = {2017 {USENIX} Annual Technical Conference, {USENIX} {ATC} 2017, Santa
               Clara, CA, USA, July 12-14, 2017.},
  pages     = {125--137},
  year      = {2017},
}

@inproceedings{graphq,
  author    = {Kai Wang and
               Guoqing (Harry) Xu and
               Zhendong Su and
               Yu David Liu},
  title     = {GraphQ: Graph Query Processing with Abstraction Refinement - Scalable
               and Programmable Analytics over Very Large Graphs on a Single {PC}},
  booktitle = {2015 {USENIX} Annual Technical Conference, {USENIX} {ATC} '15, July
               8-10, Santa Clara, CA, {USA}},
  pages     = {387--401},
  year      = {2015},
}

@inproceedings {Vora:ATC16,
author = {Keval Vora and Guoqing Xu and Rajiv Gupta},
title = {Load the Edges You Need: A Generic I/O Optimization for Disk-based Graph Processing},
booktitle = {2016 {USENIX} Annual Technical Conference ({USENIX} {ATC} 16)},
year = {2016},
isbn = {978-1-931971-30-0},
address = {Denver, CO},
pages = {507--522},
url = {https://www.usenix.org/conference/atc16/technical-sessions/presentation/vora},
publisher = {{USENIX} Association},
}

@inproceedings{powergraph,
  author    = {Joseph E. Gonzalez and
               Yucheng Low and
               Haijie Gu and
               Danny Bickson and
               Carlos Guestrin},
  title     = {PowerGraph: Distributed Graph-Parallel Computation on Natural Graphs},
  booktitle = {10th {USENIX} Symposium on Operating Systems Design and Implementation,
               {OSDI} 2012, Hollywood, CA, USA, October 8-10, 2012},
  pages     = {17--30},
  year      = {2012},
}

@inproceedings {gemini,
author = {Xiaowei Zhu and Wenguang Chen and Weimin Zheng and Xiaosong Ma},
title = {Gemini: A Computation-Centric Distributed Graph Processing System},
booktitle = {12th {USENIX} Symposium on Operating Systems Design and Implementation ({OSDI} 16)},
year = {2016},
isbn = {978-1-931971-33-1},
address = {Savannah, GA},
pages = {301--316},
url = {https://www.usenix.org/conference/osdi16/technical-sessions/presentation/zhu},
publisher = {{USENIX} Association},
}

@article{Aliakbarpour,
  author    = {Maryam Aliakbarpour and
               Amartya Shankha Biswas and
               Themitstoklis Gouleakis and
               John Peebles and
               Ronitt Rubinfeld and
               Anak Yodpinyanee},
  title     = {Sublinear-Time Algorithms for Counting Star Subgraphs with Applications
               to Join Selectivity Estimation},
  journal   = {CoRR},
  volume    = {abs/1601.04233},
  year      = {2016},
}

@inproceedings{Eden:FOCS2015,
  author    = {Talya Eden and
               Amit Levi and
               Dana Ron and
               C. Seshadhri},
  title     = {Approximately Counting Triangles in Sublinear Time},
  booktitle = {FOCS},
  year      = {2015},
}

@inproceedings{approxg,
  author    = {Daniel Mawhirter and
               Bo Wu and
               Dinesh Mehta and
               Chao Ai},
  title     = {ApproxG: Fast Approximate Parallel Graphlet Counting Through Accuracy
               Control},
  booktitle = {18th {IEEE/ACM} International Symposium on Cluster, Cloud and Grid
               Computing, {CCGRID} 2018, Washington, DC, USA, May 1-4, 2018},
  pages     = {533--542},
  year      = {2018},
}

@inproceedings{Rahman:CIKM2012,
 author = {Rahman, Mahmudur and Bhuiyan, Mansurul and Hasan, Mohammad Al},
 title = {GRAFT: An Approximate Graphlet Counting Algorithm for Large Graph Analysis},
 booktitle = {Proceedings of the 21st ACM International Conference on Information and Knowledge Management},
 series = {CIKM '12},
 year = {2012},
 location = {Maui, Hawaii, USA},
 pages = {1467--1471},
 numpages = {5},
}

@article{Pavan:VLDBB2013,
  author    = {A. Pavan and
               Kanat Tangwongsan and
               Srikanta Tirthapura and
               Kun{-}Lung Wu},
  title     = {Counting and Sampling Triangles from a Graph Stream},
  journal   = {{PVLDB}},
  volume    = {6},
  number    = {14},
  pages     = {1870--1881},
  year      = {2013},
}

@article{orca,
author = {Hočevar, Tomaž and Demšar, Janez},
title = {A combinatorial approach to graphlet counting},
journal = {Bioinformatics},
volume = {30},
number = {4},
pages = {559-565},
year = {2014},
}

@inproceedings{Ahmed:ICDM2015,
  author    = {Nesreen K. Ahmed and
               Jennifer Neville and
               Ryan A. Rossi and
               Nick G. Duffield},
  title     = {Efficient Graphlet Counting for Large Networks},
  booktitle = {2015 {IEEE} International Conference on Data Mining, {ICDM} 2015,
               Atlantic City, NJ, USA, November 14-17, 2015},
  pages     = {1--10},
  year      = {2015},
}

@article{HocevarD14,
  author    = {Tomaz Hocevar and
               Janez Demsar},
  title     = {A combinatorial approach to graphlet counting},
  journal   = {Bioinformatics},
  volume    = {30},
  number    = {4},
  pages     = {559--565},
  year      = {2014},
}

@article{fanmod,
 author = {Wernicke, Sebastian and Rasche, Florian},
 title = {FANMOD: A Tool for Fast Network Motif Detection},
 journal = {Bioinformatics},
 issue_date = {May 2006},
 volume = {22},
 number = {9},
 month = may,
 year = {2006},
 pages = {1152--1153},
 numpages = {2},
}

@article{rage,
 author = {Marcus, D. and Shavitt, Y.},
 title = {RAGE - A Rapid Graphlet Enumerator for Large Networks},
 journal = {Comput. Netw.},
 issue_date = {February, 2012},
 volume = {56},
 number = {2},
 month = feb,
 year = {2012},
 pages = {810--819},
 numpages = {10},
}

@inproceedings{gminer,
  author    = {Hongzhi Chen and
               Miao Liu and
               Yunjian Zhao and
               Xiao Yan and
               Da Yan and
               James Cheng},
  title     = {G-Miner: an efficient task-oriented graph mining system},
  booktitle = {Proceedings of the Thirteenth EuroSys Conference, EuroSys 2018, Porto,
               Portugal, April 23-26, 2018},
  pages     = {32:1--32:12},
  year      = {2018},
}

@article{gthinker,
  author    = {Da Yan and
               Hongzhi Chen and
               James Cheng and
               M. Tamer {\"{O}}zsu and
               Qizhen Zhang and
               John C. S. Lui},
  title     = {G-thinker: Big Graph Mining Made Easier and Faster},
  journal   = {CoRR},
  volume    = {abs/1709.03110},
  year      = {2017},
  url       = {http://arxiv.org/abs/1709.03110},
  archivePrefix = {arXiv},
  eprint    = {1709.03110},
  timestamp = {Mon, 13 Aug 2018 16:48:39 +0200},
  biburl    = {https://dblp.org/rec/bib/journals/corr/abs-1709-03110},
  bibsource = {dblp computer science bibliography, https://dblp.org}
}

@misc{giraph,
  title={Apache Giraph},
  howpublished = {\url{http://giraph.apache.org/}},
}

@inproceedings{rstream,
  author    = {Kai Wang and
               Zhiqiang Zuo and
               John Thorpe and
               Tien Quang Nguyen and
               Guoqing Harry Xu},
  title     = {RStream: Marrying Relational Algebra with Streaming for Efficient
               Graph Mining on {A} Single Machine},
  booktitle = {13th {USENIX} Symposium on Operating Systems Design and Implementation,
               {OSDI} 2018, Carlsbad, CA, USA, October 8-10, 2018.},
  pages     = {763--782},
  year      = {2018},
}

@inproceedings{arabesque,
  author    = {Carlos H. C. Teixeira and
               Alexandre J. Fonseca and
               Marco Serafini and
               Georgos Siganos and
               Mohammed J. Zaki and
               Ashraf Aboulnaga},
  title     = {Arabesque: a system for distributed graph mining},
  booktitle = {Proceedings of the 25th Symposium on Operating Systems Principles,
               {SOSP} 2015, Monterey, CA, USA, October 4-7, 2015},
  pages     = {425--440},
  year      = {2015},
}

@inproceedings{scalemine,
  author    = {Ehab Abdelhamid and
               Ibrahim Abdelaziz and
               Panos Kalnis and
               Zuhair Khayyat and
               Fuad Jamour},
  title     = {Scalemine: scalable parallel frequent subgraph mining in a single
               large graph},
  booktitle = {Proceedings of the International Conference for High Performance Computing,
               Networking, Storage and Analysis, {SC} 2016, Salt Lake City, UT, USA,
               November 13-18, 2016},
  pages     = {716--727},
  year      = {2016},
}

@article{distgraph,
  author    = {Nilothpal Talukder and
               Mohammed J. Zaki},
  title     = {A distributed approach for graph mining in massive networks},
  journal   = {Data Min. Knowl. Discov.},
  volume    = {30},
  number    = {5},
  pages     = {1024--1052},
  year      = {2016},
  url       = {https://doi.org/10.1007/s10618-016-0466-x},
  doi       = {10.1007/s10618-016-0466-x},
  timestamp = {Mon, 05 Jun 2017 20:48:51 +0200},
  biburl    = {https://dblp.org/rec/bib/journals/datamine/TalukderZ16},
  bibsource = {dblp computer science bibliography, https://dblp.org}
}

@article{Kuramochi:DMKD05,
  author    = {Michihiro Kuramochi and
               George Karypis},
  title     = {Finding Frequent Patterns in a Large Sparse Graph},
  journal   = {Data Min. Knowl. Discov.},
  volume    = {11},
  number    = {3},
  pages     = {243--271},
  year      = {2005},
  url       = {https://doi.org/10.1007/s10618-005-0003-9},
  doi       = {10.1007/s10618-005-0003-9},
  timestamp = {Sat, 20 May 2017 00:25:07 +0200},
  biburl    = {https://dblp.org/rec/bib/journals/datamine/KuramochiK05},
  bibsource = {dblp computer science bibliography, https://dblp.org}
}

@article{Bhuiyan:TKDE15,
  author    = {Mansurul Bhuiyan and
               Mohammad Al Hasan},
  title     = {An Iterative MapReduce Based Frequent Subgraph Mining Algorithm},
  journal   = {{IEEE} Trans. Knowl. Data Eng.},
  volume    = {27},
  number    = {3},
  pages     = {608--620},
  year      = {2015},
  url       = {https://doi.org/10.1109/TKDE.2014.2345408},
  doi       = {10.1109/TKDE.2014.2345408},
  timestamp = {Sat, 20 May 2017 00:24:19 +0200},
  biburl    = {https://dblp.org/rec/bib/journals/tkde/BhuiyanH15},
  bibsource = {dblp computer science bibliography, https://dblp.org}
}

@inproceedings{Zheng:MICRO17,
  author    = {Zhen Zheng and
               Chanyoung Oh and
               Jidong Zhai and
               Xipeng Shen and
               Youngmin Yi and
               Wenguang Chen},
  title     = {Versapipe: a versatile programming framework for pipelined computing
               on {GPU}},
  booktitle = {Proceedings of the 50th Annual {IEEE/ACM} International Symposium
               on Microarchitecture, {MICRO} 2017, Cambridge, MA, USA, October 14-18,
               2017},
  pages     = {587--599},
  year      = {2017},
}

@misc{cublas,
  title={Dense Linear Algebra on GPUs},
  howpublished = {\url{https://developer.nvidia.com/cublas}},
  note = {Accessed: 2018-10-1}
}

@inproceedings{text_classify,
  author    = {Xiang Zhang and
               Junbo Jake Zhao and
               Yann LeCun},
  title     = {Character-level Convolutional Networks for Text Classification},
  booktitle = {Advances in Neural Information Processing Systems 28: Annual Conference
               on Neural Information Processing Systems 2015, December 7-12, 2015,
               Montreal, Quebec, Canada},
  pages     = {649--657},
  year      = {2015},
}

@inproceedings{charrnn,
  author    = {Yoon Kim and
               Yacine Jernite and
               David Sontag and
               Alexander M. Rush},
  title     = {Character-Aware Neural Language Models},
  booktitle = {Proceedings of the Thirtieth {AAAI} Conference on Artificial Intelligence,
               February 12-17, 2016, Phoenix, Arizona, {USA.}},
  pages     = {2741--2749},
  year      = {2016},
}

@incollection{backprop,
 author = {Hecht-Nielsen, Robert},
 chapter = {Theory of the Backpropagation Neural Network},
 title = {Neural Networks for Perception (Vol. 2)},
 editor = {Wechsler, Harry},
 year = {1992},
 isbn = {0-12-741252-2},
 pages = {65--93},
 numpages = {29},
 publisher = {Harcourt Brace \& Co.},
 address = {Orlando, FL, USA},
}

@inproceedings{Hazelwood:HPCA18,
  author    = {Kim M. Hazelwood and
               Sarah Bird and
               David M. Brooks and
               Soumith Chintala and
               Utku Diril and
               Dmytro Dzhulgakov and
               Mohamed Fawzy and
               Bill Jia and
               Yangqing Jia and
               Aditya Kalro and
               James Law and
               Kevin Lee and
               Jason Lu and
               Pieter Noordhuis and
               Misha Smelyanskiy and
               Liang Xiong and
               Xiaodong Wang},
  title     = {Applied Machine Learning at Facebook: {A} Datacenter Infrastructure
               Perspective},
  booktitle = {{IEEE} International Symposium on High Performance Computer Architecture,
               {HPCA} 2018, Vienna, Austria, February 24-28, 2018},
  pages     = {620--629},
  year      = {2018},
}

@misc{nv-wavenet,
  title = {Nv-Wavenet: Better Speech Synthesis Using GPU-Enabled WaveNet Inference},
  howpublished = {\url{https://devblogs.nvidia.com/nv-wavenet-gpu-speech-synthesis/}},
    year = 2018,
}

@misc{onnx,
  title = {Open Neural Network Exchange},
  howpublished = {\url{https://onnx.ai/}},
    year = 2018,
}

@misc{tensorrt,
  title = {Nvidia TensoRT - Programmable Inference Accelerator},
  howpublished = {\url{https://developer.nvidia.com/tensorrt}},
    year = 2018,
}

@article{Stuart:CORR11,
  author    = {Jeff A. Stuart and
               John D. Owens},
  title     = {Efficient Synchronization Primitives for GPUs},
  journal   = {CoRR},
  volume    = {abs/1110.4623},
  year      = {2011},
}

@inproceedings{Xiao:IPDPS10,
  author    = {Shucai Xiao and
               Wu{-}chun Feng},
  title     = {Inter-block {GPU} communication via fast barrier synchronization},
  booktitle = {24th {IEEE} International Symposium on Parallel and Distributed Processing,
               {IPDPS} 2010, Atlanta, Georgia, USA, 19-23 April 2010 - Conference
               Proceedings},
  pages     = {1--12},
  year      = {2010},
}

@misc{xla,
  title = {The Accelerated Linear Algebra Compiler Framework},
  howpublished = {\url{https://www.tensorflow.org/performance/xla/}},
    year = 2018,
}

@inproceedings{Lin:ICML16,
  author    = {Darryl Dexu Lin and
               Sachin S. Talathi and
               V. Sreekanth Annapureddy},
  title     = {Fixed Point Quantization of Deep Convolutional Networks},
  booktitle = {Proceedings of the 33nd International Conference on Machine Learning,
               {ICML} 2016, New York City, NY, USA, June 19-24, 2016},
  pages     = {2849--2858},
  year      = {2016},
}

@inproceedings{Vanhoucke:NIPS11,
title   = {Improving the speed of neural networks on CPUs},
author  = {Vincent Vanhoucke and Andrew Senior and Mark Z. Mao},
year    = {2011},
booktitle   = {Deep Learning and Unsupervised Feature Learning Workshop, NIPS 2011}
}



@inproceedings{Yu:ISCA17,
  author    = {Jiecao Yu and
               Andrew Lukefahr and
               David J. Palframan and
               Ganesh S. Dasika and
               Reetuparna Das and
               Scott A. Mahlke},
  title     = {Scalpel: Customizing {DNN} Pruning to the Underlying Hardware Parallelism},
  booktitle = {Proceedings of the 44th Annual International Symposium on Computer
               Architecture, {ISCA} 2017, Toronto, ON, Canada, June 24-28, 2017},
  pages     = {548--560},
  year      = {2017},
}

@article{Han:corr15,
  author    = {Song Han and
               Huizi Mao and
               William J. Dally},
  title     = {Deep Compression: Compressing Deep Neural Network with Pruning, Trained
               Quantization and Huffman Coding},
  journal   = {CoRR},
  volume    = {abs/1510.00149},
  year      = {2015},
}

@article{cudnn,
  author    = {Sharan Chetlur and
               Cliff Woolley and
               Philippe Vandermersch and
               Jonathan Cohen and
               John Tran and
               Bryan Catanzaro and
               Evan Shelhamer},
  title     = {cuDNN: Efficient Primitives for Deep Learning},
  journal   = {CoRR},
  volume    = {abs/1410.0759},
  year      = {2014},
}

@inproceedings{Diamos:ICML16,
  author    = {Greg Diamos and
               Shubho Sengupta and
               Bryan Catanzaro and
               Mike Chrzanowski and
               Adam Coates and
               Erich Elsen and
               Jesse Engel and
               Awni Y. Hannun and
               Sanjeev Satheesh},
  title     = {Persistent RNNs: Stashing Recurrent Weights On-Chip},
  booktitle = {Proceedings of the 33nd International Conference on Machine Learning,
               {ICML} 2016, New York City, NY, USA, June 19-24, 2016},
  pages     = {2024--2033},
  year      = {2016},
}

@inproceedings{Gao:Eurosys18,
  author    = {Pin Gao and
               Lingfan Yu and
               Yongwei Wu and
               Jinyang Li},
  title     = {Low latency {RNN} inference with cellular batching},
  booktitle = {Proceedings of the Thirteenth EuroSys Conference, EuroSys 2018, Porto,
               Portugal, April 23-26, 2018},
  pages     = {31:1--31:15},
  year      = {2018},
}

@inproceedings{clipper,
author = {Daniel Crankshaw and Xin Wang and Guilio Zhou and Michael J. Franklin and Joseph E. Gonzalez and Ion Stoica},
title = {Clipper: A Low-Latency Online Prediction Serving System},
booktitle = {14th {USENIX} Symposium on Networked Systems Design and Implementation ({NSDI} 17)},
year = {2017},
isbn = {978-1-931971-37-9},
address = {Boston, MA},
pages = {613--627},
url = {https://www.usenix.org/conference/nsdi17/technical-sessions/presentation/crankshaw},
publisher = {{USENIX} Association},
}

@article{tf-serv,
  author    = {Christopher Olston and
               Noah Fiedel and
               Kiril Gorovoy and
               Jeremiah Harmsen and
               Li Lao and
               Fangwei Li and
               Vinu Rajashekhar and
               Sukriti Ramesh and
               Jordan Soyke},
  title     = {TensorFlow-Serving: Flexible, High-Performance {ML} Serving},
  journal   = {CoRR},
  volume    = {abs/1712.06139},
  year      = {2017},
}

@ARTICLE{theano,
   author = {{Theano Development Team}},
    title = "{Theano: A {Python} framework for fast computation of mathematical expressions}",
  journal = {arXiv e-prints},
   volume = {abs/1605.02688},
 primaryClass = "cs.SC",
     year = 2016,
    month = may,
}

@inproceedings{CNTK,
 author = {Seide, Frank and Agarwal, Amit},
 title = {CNTK: Microsoft's Open-Source Deep-Learning Toolkit},
 booktitle = {Proceedings of the 22Nd ACM SIGKDD International Conference on Knowledge Discovery and Data Mining},
 series = {KDD '16},
 year = {2016},
 isbn = {978-1-4503-4232-2},
 location = {San Francisco, California, USA},
 pages = {2135--2135},
 numpages = {1},
}

@inproceedings{pytorch,
  title={Automatic differentiation in PyTorch},
  author={Paszke, Adam and Gross, Sam and Chintala, Soumith and Chanan, Gregory and Yang, Edward and DeVito, Zachary and Lin, Zeming and Desmaison, Alban and Antiga, Luca and Lerer, Adam},
  booktitle={NIPS-W},
  year={2017}
}

@inproceedings{Chorowski:NIPS15,
  author    = {Jan Chorowski and
               Dzmitry Bahdanau and
               Dmitriy Serdyuk and
               Kyunghyun Cho and
               Yoshua Bengio},
  title     = {Attention-Based Models for Speech Recognition},
  booktitle = {Advances in Neural Information Processing Systems 28: Annual Conference
               on Neural Information Processing Systems 2015, December 7-12, 2015,
               Montreal, Quebec, Canada},
  pages     = {577--585},
  year      = {2015},
}

@article{Xiong:corr16,
  author    = {Caiming Xiong and
               Victor Zhong and
               Richard Socher},
  title     = {Dynamic Coattention Networks For Question Answering},
  journal   = {CoRR},
  volume    = {abs/1611.01604},
  year      = {2016},
}

@article{Tan:corr15,
  author    = {Ming Tan and
               Bing Xiang and
               Bowen Zhou},
  title     = {LSTM-based Deep Learning Models for non-factoid answer selection},
  journal   = {CoRR},
  volume    = {abs/1511.04108},
  year      = {2015},
}

@inproceedings{Liu:IJCAI16,
  author    = {Pengfei Liu and
               Xipeng Qiu and
               Xuanjing Huang},
  title     = {Recurrent Neural Network for Text Classification with Multi-Task Learning},
  booktitle = {Proceedings of the Twenty-Fifth International Joint Conference on
               Artificial Intelligence, {IJCAI} 2016, New York, NY, USA, 9-15 July
               2016},
  pages     = {2873--2879},
  year      = {2016},
}

@inproceedings{Yang:NAACL16,
  author    = {Zichao Yang and
               Diyi Yang and
               Chris Dyer and
               Xiaodong He and
               Alexander J. Smola and
               Eduard H. Hovy},
  title     = {Hierarchical Attention Networks for Document Classification},
  booktitle = {{NAACL} {HLT} 2016, The 2016 Conference of the North American Chapter
               of the Association for Computational Linguistics: Human Language Technologies,
               San Diego California, USA, June 12-17, 2016},
  pages     = {1480--1489},
  year      = {2016},
}

@inproceedings{Luong:EMNLP15,
  author    = {Thang Luong and
               Hieu Pham and
               Christopher D. Manning},
  title     = {Effective Approaches to Attention-based Neural Machine Translation},
  booktitle = {Proceedings of the 2015 Conference on Empirical Methods in Natural
               Language Processing, {EMNLP} 2015, Lisbon, Portugal, September 17-21,
               2015},
  pages     = {1412--1421},
  year      = {2015},
}

@inproceedings{Cho:EMNLP14,
  author    = {Kyunghyun Cho and
               Bart van Merrienboer and
               {\c{C}}aglar G{\"{u}}l{\c{c}}ehre and
               Dzmitry Bahdanau and
               Fethi Bougares and
               Holger Schwenk and
               Yoshua Bengio},
  title     = {Learning Phrase Representations using {RNN} Encoder-Decoder for Statistical
               Machine Translation},
  booktitle = {Proceedings of the 2014 Conference on Empirical Methods in Natural
               Language Processing, {EMNLP} 2014, October 25-29, 2014, Doha, Qatar,
               {A} meeting of SIGDAT, a Special Interest Group of the {ACL}},
  pages     = {1724--1734},
  year      = {2014},
}

@inproceedings{Graves:ICASSP13,
  author    = {Alex Graves and
               Abdel{-}rahman Mohamed and
               Geoffrey E. Hinton},
  title     = {Speech recognition with deep recurrent neural networks},
  booktitle = {{IEEE} International Conference on Acoustics, Speech and Signal Processing,
               {ICASSP} 2013, Vancouver, BC, Canada, May 26-31, 2013},
  pages     = {6645--6649},
  year      = {2013},
}

@inproceedings{Zhang:ATC2018,
  author = {Minjia Zhang and Samyam Rajbhandari and Wenhan Wang and Yuxiong He},
  title = {DeepCPU: Serving RNN-based Deep Learning Models 10x Faster},
  booktitle = {2018 {USENIX} Annual Technical Conference ({USENIX} {ATC} 18)},
  year = {2018},
  isbn = {978-1-931971-44-7},
  address = {Boston, MA},
  pages = {951--965},
  url = {https://www.usenix.org/conference/atc18/presentation/zhang-minjia},
  publisher = {{USENIX} Association},
}

@inproceedings{DBLP:conf/iccad/0001LX17,
  author    = {Yun Liang and
               Xiuhong Li and
               Xiaolong Xie},
  title     = {Exploring cache bypassing and partitioning for multi-tasking on GPUs},
  booktitle = {2017 {IEEE/ACM} International Conference on Computer-Aided Design,
               {ICCAD} 2017, Irvine, CA, USA, November 13-16, 2017},
  pages     = {9--16},
  year      = {2017},
}

@inproceedings{Delimitrou:2014,
 author = {Delimitrou, Christina and Kozyrakis, Christos},
 title = {Quasar: Resource-efficient and QoS-aware Cluster Management},
 booktitle = {Proceedings of the 19th International Conference on Architectural Support for Programming Languages and Operating Systems},
 series = {ASPLOS '14},
 year = {2014},
 isbn = {978-1-4503-2305-5},
 location = {Salt Lake City, Utah, USA},
 pages = {127--144},
 numpages = {18},
 url = {http://doi.acm.org/10.1145/2541940.2541941},
 doi = {10.1145/2541940.2541941},
 acmid = {2541941},
 publisher = {ACM},
 address = {New York, NY, USA},
 keywords = {cloud computing, cluster management, datacenters, quality of service, resource allocation and assignment, resource efficiency},
}

@inproceedings{Subramanian:2015,
 author = {Subramanian, Lavanya and Seshadri, Vivek and Ghosh, Arnab and Khan, Samira and Mutlu, Onur},
 title = {The Application Slowdown Model: Quantifying and Controlling the Impact of Inter-application Interference at Shared Caches and Main Memory},
 booktitle = {Proceedings of the 48th International Symposium on Microarchitecture},
 series = {MICRO-48},
 year = {2015},
 isbn = {978-1-4503-4034-2},
 location = {Waikiki, Hawaii},
 pages = {62--75},
 numpages = {14},
 url = {http://doi.acm.org/10.1145/2830772.2830803},
 doi = {10.1145/2830772.2830803},
 acmid = {2830803},
 publisher = {ACM},
 address = {New York, NY, USA},
}

@inproceedings{Yang:2013,
 author = {Yang, Hailong and Breslow, Alex and Mars, Jason and Tang, Lingjia},
 title = {Bubble-flux: Precise Online QoS Management for Increased Utilization in Warehouse Scale Computers},
 booktitle = {Proceedings of the 40th Annual International Symposium on Computer Architecture},
 series = {ISCA '13},
 year = {2013},
 isbn = {978-1-4503-2079-5},
 location = {Tel-Aviv, Israel},
 pages = {607--618},
 numpages = {12},
 url = {http://doi.acm.org/10.1145/2485922.2485974},
 doi = {10.1145/2485922.2485974},
 acmid = {2485974},
 publisher = {ACM},
 address = {New York, NY, USA},
}

@inproceedings{Zhang:2014,
  author    = {Yunqi Zhang and
               Michael A. Laurenzano and
               Jason Mars and
               Lingjia Tang},
  title     = {SMiTe: Precise QoS Prediction on Real-System {SMT} Processors to Improve
               Utilization in Warehouse Scale Computers},
  booktitle = {47th Annual {IEEE/ACM} International Symposium on Microarchitecture,
               {MICRO} 2014, Cambridge, United Kingdom, December 13-17, 2014},
  pages     = {406--418},
  year      = {2014},
  url       = {https://doi.org/10.1109/MICRO.2014.53},
  doi       = {10.1109/MICRO.2014.53},
  timestamp = {Sun, 21 May 2017 00:22:04 +0200},
  biburl    = {https://dblp.org/rec/bib/conf/micro/ZhangLMT14},
  bibsource = {dblp computer science bibliography, https://dblp.org}
}

@inproceedings{Lo:2015,
 author = {Lo, David and Cheng, Liqun and Govindaraju, Rama and Ranganathan, Parthasarathy and Kozyrakis, Christos},
 title = {Heracles: Improving Resource Efficiency at Scale},
 booktitle = {Proceedings of the 42Nd Annual International Symposium on Computer Architecture},
 series = {ISCA '15},
 year = {2015},
 isbn = {978-1-4503-3402-0},
 location = {Portland, Oregon},
 pages = {450--462},
 numpages = {13},
 url = {http://doi.acm.org/10.1145/2749469.2749475},
 doi = {10.1145/2749469.2749475},
 acmid = {2749475},
 publisher = {ACM},
 address = {New York, NY, USA},
}

@article{Tang:2013,
 author = {Tang, Lingjia and Mars, Jason and Wang, Wei and Dey, Tanima and Soffa, Mary Lou},
 title = {ReQoS: Reactive Static/Dynamic Compilation for QoS in Warehouse Scale Computers},
 journal = {SIGARCH Comput. Archit. News},
 issue_date = {March 2013},
 volume = {41},
 number = {1},
 month = mar,
 year = {2013},
 issn = {0163-5964},
 pages = {89--100},
 numpages = {12},
 url = {http://doi.acm.org/10.1145/2490301.2451126},
 doi = {10.1145/2490301.2451126},
 acmid = {2451126},
 publisher = {ACM},
 address = {New York, NY, USA},
 keywords = {compiler, contention, cross-core interference, datacenter, dynamic techniques, multicore, online adaptation, quality of service, runtime systems, warehouse scale computers},
}

@article{Meisner:2009,
 author = {Meisner, David and Gold, Brian T. and Wenisch, Thomas F.},
 title = {PowerNap: Eliminating Server Idle Power},
 journal = {SIGARCH Comput. Archit. News},
 issue_date = {March 2009},
 volume = {37},
 number = {1},
 month = mar,
 year = {2009},
 issn = {0163-5964},
 pages = {205--216},
 numpages = {12},
 url = {http://doi.acm.org/10.1145/2528521.1508269},
 doi = {10.1145/2528521.1508269},
 acmid = {1508269},
 publisher = {ACM},
 address = {New York, NY, USA},
 keywords = {power management, servers},
}

@inproceedings{Zhang:2013,
 author = {Zhang, Xiao and Tune, Eric and Hagmann, Robert and Jnagal, Rohit and Gokhale, Vrigo and Wilkes, John},
 title = {CPI2: CPU Performance Isolation for Shared Compute Clusters},
 booktitle = {Proceedings of the 8th ACM European Conference on Computer Systems},
 series = {EuroSys '13},
 year = {2013},
 isbn = {978-1-4503-1994-2},
 location = {Prague, Czech Republic},
 pages = {379--391},
 numpages = {13},
 url = {http://doi.acm.org/10.1145/2465351.2465388},
 doi = {10.1145/2465351.2465388},
 acmid = {2465388},
 publisher = {ACM},
 address = {New York, NY, USA},
}

@inproceedings{Lo:ISCA2014,
 author = {Lo, David and Cheng, Liqun and Govindaraju, Rama and Barroso, Luiz Andr{\'e} and Kozyrakis, Christos},
 title = {Towards Energy Proportionality for Large-scale Latency-critical Workloads},
 booktitle = {Proceeding of the 41st Annual International Symposium on Computer Architecuture},
 series = {ISCA '14},
 year = {2014},
 isbn = {978-1-4799-4394-4},
 location = {Minneapolis, Minnesota, USA},
 pages = {301--312},
 numpages = {12},
 url = {http://dl.acm.org/citation.cfm?id=2665671.2665718},
 acmid = {2665718},
 publisher = {IEEE Press},
 address = {Piscataway, NJ, USA},
}

@article{Dean:CACM2013,
 author = {Dean, Jeffrey and Barroso, Luiz Andr{\'e}},
 title = {The Tail at Scale},
 journal = {Commun. ACM},
 issue_date = {February 2013},
 volume = {56},
 number = {2},
 month = feb,
 year = {2013},
 issn = {0001-0782},
 pages = {74--80},
 numpages = {7},
 publisher = {ACM},
 address = {New York, NY, USA},
}

@inproceedings{Sabet:ASPLOS18,
 author = {Nodehi Sabet, Amir Hossein and Qiu, Junqiao and Zhao, Zhijia},
 title = {Tigr: Transforming Irregular Graphs for GPU-Friendly Graph Processing},
 booktitle = {Proceedings of the Twenty-Third International Conference on Architectural Support for Programming Languages and Operating Systems},
 series = {ASPLOS '18},
 year = {2018},
 isbn = {978-1-4503-4911-6},
 location = {Williamsburg, VA, USA},
 pages = {622--636},
 numpages = {15},
 url = {http://doi.acm.org/10.1145/3173162.3173180},
 doi = {10.1145/3173162.3173180},
 acmid = {3173180},
 publisher = {ACM},
 address = {New York, NY, USA},
 keywords = {GPU, SIMD, graph transformation, irregularity, power-law graph, vertex-centric graph processing},
}

@article{mxnet,
  author    = {Tianqi Chen and
               Mu Li and
               Yutian Li and
               Min Lin and
               Naiyan Wang and
               Minjie Wang and
               Tianjun Xiao and
               Bing Xu and
               Chiyuan Zhang and
               Zheng Zhang},
  title     = {MXNet: {A} Flexible and Efficient Machine Learning Library for Heterogeneous
               Distributed Systems},
  journal   = {CoRR},
  volume    = {abs/1512.01274},
  year      = {2015},
  url       = {http://arxiv.org/abs/1512.01274},
  archivePrefix = {arXiv},
  eprint    = {1512.01274},
  timestamp = {Wed, 07 Jun 2017 14:40:48 +0200},
  biburl    = {https://dblp.org/rec/bib/journals/corr/ChenLLLWWXXZZ15},
  bibsource = {dblp computer science bibliography, https://dblp.org}
}

@inproceedings{caffe,
 author = {Jia, Yangqing and Shelhamer, Evan and Donahue, Jeff and Karayev, Sergey and Long, Jonathan and Girshick, Ross and Guadarrama, Sergio and Darrell, Trevor},
 title = {Caffe: Convolutional Architecture for Fast Feature Embedding},
 booktitle = {Proceedings of the 22Nd ACM International Conference on Multimedia},
 series = {MM '14},
 year = {2014},
 isbn = {978-1-4503-3063-3},
 location = {Orlando, Florida, USA},
 pages = {675--678},
 numpages = {4},
 url = {http://doi.acm.org/10.1145/2647868.2654889},
 doi = {10.1145/2647868.2654889},
 acmid = {2654889},
 publisher = {ACM},
 address = {New York, NY, USA},
 keywords = {computer vision, machine learning, neural networks, open source, parallel computation},
}

@inproceedings{tensorflow,
 author = {Abadi, Mart\'{\i}n and Barham, Paul and Chen, Jianmin and Chen, Zhifeng and Davis, Andy and Dean, Jeffrey and Devin, Matthieu and Ghemawat, Sanjay and Irving, Geoffrey and Isard, Michael and Kudlur, Manjunath and Levenberg, Josh and Monga, Rajat and Moore, Sherry and Murray, Derek G. and Steiner, Benoit and Tucker, Paul and Vasudevan, Vijay and Warden, Pete and Wicke, Martin and Yu, Yuan and Zheng, Xiaoqiang},
 title = {TensorFlow: A System for Large-scale Machine Learning},
 booktitle = {Proceedings of the 12th USENIX Conference on Operating Systems Design and Implementation},
 series = {OSDI'16},
 year = {2016},
 isbn = {978-1-931971-33-1},
 location = {Savannah, GA, USA},
 pages = {265--283},
 numpages = {19},
 acmid = {3026899},
 publisher = {USENIX Association},
 address = {Berkeley, CA, USA},
}

@book{datacenter_cost,
  author    = {Luiz Andr{\'{e}} Barroso and
               Jimmy Clidaras and
               Urs H{\"{o}}lzle},
  title     = {The Datacenter as a Computer: An Introduction to the Design of Warehouse-Scale
               Machines, Second Edition},
  series    = {Synthesis Lectures on Computer Architecture},
  publisher = {Morgan {\&} Claypool Publishers},
  year      = {2013},
}

@misc{hoomd,
  title = {HOOMD-blue},
  howpublished = {\url{http://glotzerlab.engin.umich.edu/hoomd-blue/}},
}

@article{Zhong:CoRR2013,
  author    = {Jianlong Zhong and
               Bingsheng He},
  title     = {Kernelet: High-Throughput {GPU} Kernel Executions with Dynamic Slicing
               and Scheduling},
  journal   = {CoRR},
  volume    = {abs/1303.5164},
  year      = {2013},
}

@misc{cage15,
  title = {Cage15},
  howpublished = {\url{http://www.ufl.edu/research/sparse/matrices/vanhenkelum}},
}

@inproceedings{Wang:HPCA2016,
  author    = {Zhenning Wang and
               Jun Yang and
               Rami G. Melhem and
               Bruce R. Childers and
               Youtao Zhang and
               Minyi Guo},
  title     = {Simultaneous Multikernel {GPU:} Multi-tasking throughput processors
               via fine-grained sharing},
  booktitle = {2016 {IEEE} International Symposium on High Performance Computer Architecture,
               {HPCA} 2016, Barcelona, Spain, March 12-16, 2016},
  pages     = {358--369},
  publisher = {{IEEE} Computer Society},
  year      = {2016},
}

@inproceedings{Park:ASPLOS2017,
  author    = {Jason Jong Kyu Park and
               Yongjun Park and
               Scott A. Mahlke},
  editor    = {Yunji Chen and
               Olivier Temam and
               John Carter},
  title     = {Dynamic Resource Management for Efficient Utilization of Multitasking
               GPUs},
  booktitle = {Proceedings of the Twenty-Second International Conference on Architectural
               Support for Programming Languages and Operating Systems, {ASPLOS}
               2017, Xi'an, China, April 8-12, 2017},
  pages     = {527--540},
  publisher = {{ACM}},
  year      = {2017},
}

@inproceedings{Wang:ISCA2017,
 author = {Wang, Zhenning and Yang, Jun and Melhem, Rami and Childers, Bruce and Zhang, Youtao and Guo, Minyi},
 title = {Quality of Service Support for Fine-Grained Sharing on GPUs},
 booktitle = {Proceedings of the 44th Annual International Symposium on Computer Architecture},
 series = {ISCA '17},
 year = {2017},
 isbn = {978-1-4503-4892-8},
 location = {Toronto, ON, Canada},
 pages = {269--281},
 numpages = {13},
 url = {http://doi.acm.org/10.1145/3079856.3080203},
 doi = {10.1145/3079856.3080203},
 acmid = {3080203},
 publisher = {ACM},
 address = {New York, NY, USA},
 keywords = {GPU, Quality of Service},
}

@inproceedings{Chen:PPoPP2017,
  author    = {Guoyang Chen and
               Yue Zhao and
               Xipeng Shen and
               Huiyang Zhou},
  editor    = {Vivek Sarkar and
               Lawrence Rauchwerger},
  title     = {EffiSha: {A} Software Framework for Enabling Effficient Preemptive
               Scheduling of {GPU}},
  booktitle = {Proceedings of the 22nd {ACM} {SIGPLAN} Symposium on Principles and
               Practice of Parallel Programming, Austin, TX, USA, February 4-8, 2017},
  pages     = {3--16},
  publisher = {{ACM}},
  year      = {2017},
}

@inproceedings{Sengupta:SC2015,
 author = {Sengupta, Dipanjan and Song, Shuaiwen Leon and Agarwal, Kapil and Schwan, Karsten},
 title = {GraphReduce: Processing Large-scale Graphs on Accelerator-based Systems},
 booktitle = {Proceedings of the International Conference for High Performance Computing, Networking, Storage and Analysis},
 series = {SC '15},
 year = {2015},
 isbn = {978-1-4503-3723-6},
 location = {Austin, Texas},
 pages = {28:1--28:12},
 articleno = {28},
 numpages = {12},
}

@inproceedings{Pan:IPDPS2017,
  author    = {Yuechao Pan and
               Yangzihao Wang and
               Yuduo Wu and
               Carl Yang and
               John D. Owens},
  title     = {Multi-GPU Graph Analytics},
  booktitle = {2017 {IEEE} International Parallel and Distributed Processing Symposium,
               {IPDPS} 2017, Orlando, FL, USA, May 29 - June 2, 2017},
  pages     = {479--490},
  publisher = {{IEEE} Computer Society},
  year      = {2017},
}

@inproceedings{Chen:ICDE2017,
  author    = {Guoyang Chen and
               Yufei Ding and
               Xipeng Shen},
  title     = {Sweet {KNN:} An Efficient {KNN} on {GPU} through Reconciliation between
               Redundancy Removal and Regularity},
  booktitle = {33rd {IEEE} International Conference on Data Engineering, {ICDE} 2017,
               San Diego, CA, USA, April 19-22, 2017},
  pages     = {621--632},
  publisher = {{IEEE} Computer Society},
  year      = {2017},
}

@article{Morozov:CPC2011,
  author    = {Igor V. Morozov and
               A. M. Kazennov and
               R. G. Bystryi and
               Genri E. Norman and
               V. V. Pisarev and
               Vladimir V. Stegailov},
  title     = {Molecular dynamics simulations of the relaxation processes in the
               condensed matter on GPUs},
  journal   = {Computer Physics Communications},
  volume    = {182},
  number    = {9},
  pages     = {1974--1978},
  year      = {2011},
}

@inproceedings{Li:SC2016,
 author = {Li, Chao and Yang, Yi and Feng, Min and Chakradhar, Srimat and Zhou, Huiyang},
 title = {Optimizing Memory Efficiency for Deep Convolutional Neural Networks on GPUs},
 booktitle = {Proceedings of the International Conference for High Performance Computing, Networking, Storage and Analysis},
 series = {SC '16},
 year = {2016},
 isbn = {978-1-4673-8815-3},
 location = {Salt Lake City, Utah},
 pages = {54:1--54:12},
 articleno = {54},
 numpages = {12},
}

@inproceedings{Zhu:IPDPS2017,
  author = {Zhu, Qi and Wu, Bo and Shen, Xipeng and Shen, Li and Wang, Zhiying},
  title = {Co-Run Scheduling with Power Cap on Integrated CPU-GPU Systems},
  booktitle = {The 31st IEEE International Parallel \& Distributed Processing Symposium},
  year = {2017},
  month = {May},
}

@inproceedings{Han:PACT2017,
  author    = {Wei Han and Daniel Mawhirter and Matthew Buland and Bo Wu},
  title     = {Graphie: Large-Scale Asynchronous Graph Traversals on Just a GPU},
  booktitle = {International Conference on Parallel Architectures and Compilation
               Techniques, {PACT} 2017, Portland, Oregon, USA, September 9-13},
  year      = {2017},
}

@inproceedings{Kehne:SYSTOR2017,
 author = {Kehne, Jens and Hillenbrand, Marius and Metter, Jonathan and Gottschlag, Mathias and Merkel, Martin and Bellosa, Frank},
 title = {GPrioSwap: Towards a Swapping Policy for GPUs},
 booktitle = {Proceedings of the 10th ACM International Systems and Storage Conference},
 series = {SYSTOR '17},
 year = {2017},
 isbn = {978-1-4503-5035-8},
 location = {Haifa, Israel},
 pages = {10:1--10:10},
 articleno = {10},
 numpages = {10},
 url = {http://doi.acm.org/10.1145/3078468.3078474},
 doi = {10.1145/3078468.3078474},
 acmid = {3078474},
 publisher = {ACM},
 address = {New York, NY, USA},
 keywords = {GPU, memory overcommitment, oversubscription, profiling, swapping, virtualization},
}

@inproceedings{Mars:MICRO2011,
 author = {Mars, Jason and Tang, Lingjia and Hundt, Robert and Skadron, Kevin and Soffa, Mary Lou},
 title = {Bubble-Up: Increasing Utilization in Modern Warehouse Scale Computers via Sensible Co-locations},
 booktitle = {Proceedings of the 44th Annual IEEE/ACM International Symposium on Microarchitecture},
 series = {MICRO-44},
 year = {2011},
 isbn = {978-1-4503-1053-6},
 location = {Porto Alegre, Brazil},
 pages = {248--259},
 numpages = {12},
 url = {http://doi.acm.org/10.1145/2155620.2155650},
 doi = {10.1145/2155620.2155650},
 acmid = {2155650},
 publisher = {ACM},
 address = {New York, NY, USA},
}

@inproceedings{Nishtala:HPCA2017,
  author    = {Rajiv Nishtala and
               Paul M. Carpenter and
               Vinicius Petrucci and
               Xavier Martorell},
  title     = {Hipster: Hybrid Task Manager for Latency-Critical Cloud Workloads},
  booktitle = {2017 {IEEE} International Symposium on High Performance Computer Architecture,
               {HPCA} 2017, Austin, TX, USA, February 4-8, 2017},
  pages     = {409--420},
  year      = {2017},
}

@article{Sharifi:SIGMETRICS2011,
 author = {Sharifi, Akbar and Srikantaiah, Shekhar and Mishra, Asit K. and Kandemir, Mahmut and Das, Chita R.},
 title = {METE: Meeting End-to-end QoS in Multicores Through System-wide Resource Management},
 journal = {SIGMETRICS Perform. Eval. Rev.},
 issue_date = {June 2011},
 volume = {39},
 number = {1},
 month = jun,
 year = {2011},
 issn = {0163-5999},
 pages = {13--24},
 numpages = {12},
 url = {http://doi.acm.org/10.1145/2007116.2007119},
 doi = {10.1145/2007116.2007119},
 acmid = {2007119},
 publisher = {ACM},
 address = {New York, NY, USA},
 keywords = {control theory, end-to-end qos, resource management},
}

@inproceedings{Liu:HPCA2010,
  author    = {Fang Liu and
               Xiaowei Jiang and
               Yan Solihin},
  title     = {Understanding how off-chip memory bandwidth partitioning in Chip Multiprocessors
               affects system performance},
  booktitle = {16th International Conference on High-Performance Computer Architecture
               {(HPCA-16} 2010), 9-14 January 2010, Bangalore, India},
  pages     = {1--12},
  year      = {2010},
}

@inproceedings{Wang:HPCA2015,
  author    = {Xiaodong Wang and
               Jos{\'{e}} F. Mart{\'{\i}}nez},
  title     = {XChange: {A} market-based approach to scalable dynamic multi-resource
               allocation in multicore architectures},
  booktitle = {21st {IEEE} International Symposium on High Performance Computer Architecture,
               {HPCA} 2015, Burlingame, CA, USA, February 7-11, 2015},
  pages     = {113--125},
  year      = {2015},
}

@inproceedings{Zahedi:ASPLOS2014,
  author    = {Seyed Majid Zahedi and
               Benjamin C. Lee},
  title     = {{REF:} resource elasticity fairness with sharing incentives for multiprocessors},
  booktitle = {Architectural Support for Programming Languages and Operating Systems,
               {ASPLOS} '14, Salt Lake City, UT, USA, March 1-5, 2014},
  pages     = {145--160},
  year      = {2014},
}

@inproceedings{Petrucci:HPCA2015,
  author    = {Vinicius Petrucci and
               Michael A. Laurenzano and
               John Doherty and
               Yunqi Zhang and
               Daniel Moss{\'{e}} and
               Jason Mars and
               Lingjia Tang},
  title     = {Octopus-Man: QoS-driven task management for heterogeneous multicores
               in warehouse-scale computers},
  booktitle = {21st {IEEE} International Symposium on High Performance Computer Architecture,
               {HPCA} 2015, Burlingame, CA, USA, February 7-11, 2015},
  pages     = {246--258},
  year      = {2015},
}

@inproceedings{Herdrich:HPCA2016,
  author    = {Andrew Herdrich and
               Edwin Verplanke and
               Priya Autee and
               Ramesh Illikkal and
               Chris Gianos and
               Ronak Singhal and
               Ravi Iyer},
  title     = {Cache QoS: From concept to reality in the Intel{\textregistered} Xeon{\textregistered}
               processor {E5-2600} v3 product family},
  booktitle = {2016 {IEEE} International Symposium on High Performance Computer Architecture,
               {HPCA} 2016, Barcelona, Spain, March 12-16, 2016},
  pages     = {657--668},
  year      = {2016},
}

@inproceedings{Cho:MICRO2006,
 author = {Cho, Sangyeun and Jin, Lei},
 title = {Managing Distributed, Shared L2 Caches Through OS-Level Page Allocation},
 booktitle = {Proceedings of the 39th Annual IEEE/ACM International Symposium on Microarchitecture},
 series = {MICRO 39},
 year = {2006},
 isbn = {0-7695-2732-9},
 pages = {455--468},
 numpages = {14},
 url = {https://doi.org/10.1109/MICRO.2006.31},
 doi = {10.1109/MICRO.2006.31},
 acmid = {1194858},
 publisher = {IEEE Computer Society},
 address = {Washington, DC, USA},
}

@inproceedings{Chang:ISCA2006,
 author = {Chang, Jichuan and Sohi, Gurindar S.},
 title = {Cooperative Caching for Chip Multiprocessors},
 booktitle = {Proceedings of the 33rd Annual International Symposium on Computer Architecture},
 series = {ISCA '06},
 year = {2006},
 isbn = {0-7695-2608-X},
 pages = {264--276},
 numpages = {13},
 url = {https://doi.org/10.1109/ISCA.2006.17},
 doi = {10.1109/ISCA.2006.17},
 acmid = {1136509},
 publisher = {IEEE Computer Society},
 address = {Washington, DC, USA},
}

@inproceedings{Qureshi:MICRO2006,
 author = {Qureshi, Moinuddin K. and Patt, Yale N.},
 title = {Utility-Based Cache Partitioning: A Low-Overhead, High-Performance, Runtime Mechanism to Partition Shared Caches},
 booktitle = {Proceedings of the 39th Annual IEEE/ACM International Symposium on Microarchitecture},
 series = {MICRO 39},
 year = {2006},
 isbn = {0-7695-2732-9},
 pages = {423--432},
 numpages = {10},
 url = {https://doi.org/10.1109/MICRO.2006.49},
 doi = {10.1109/MICRO.2006.49},
 acmid = {1194855},
 publisher = {IEEE Computer Society},
 address = {Washington, DC, USA},
}

@inproceedings{Iyer:ICS2004,
 author = {Iyer, Ravi},
 title = {CQoS: A Framework for Enabling QoS in Shared Caches of CMP Platforms},
 booktitle = {Proceedings of the 18th Annual International Conference on Supercomputing},
 series = {ICS '04},
 year = {2004},
 isbn = {1-58113-839-3},
 location = {Malo, France},
 pages = {257--266},
 numpages = {10},
 url = {http://doi.acm.org/10.1145/1006209.1006246},
 doi = {10.1145/1006209.1006246},
 acmid = {1006246},
 publisher = {ACM},
 address = {New York, NY, USA},
 keywords = {CMP, QoS, cache, partitioning, performance, sharing},
}

@inproceedings{Zlateski:SC2016,
 author = {Zlateski, Aleksandar and Lee, Kisuk and Seung, H. Sebastian},
 title = {ZNNi: Maximizing the Inference Throughput of 3D Convolutional Networks on CPUs and GPUs},
 booktitle = {Proceedings of the International Conference for High Performance Computing, Networking, Storage and Analysis},
 series = {SC '16},
 year = {2016},
 isbn = {978-1-4673-8815-3},
 location = {Salt Lake City, Utah},
 pages = {73:1--73:12},
 articleno = {73},
 numpages = {12},
 url = {http://dl.acm.org/citation.cfm?id=3014904.3015002},
 acmid = {3015002},
 publisher = {IEEE Press},
 address = {Piscataway, NJ, USA},
}



@inproceedings{Chen:ASPLOS2017,
 author = {Chen, Quan and Yang, Hailong and Guo, Minyi and Kannan, Ram Srivatsa and Mars, Jason and Tang, Lingjia},
 title = {Prophet: Precise QoS Prediction on Non-Preemptive Accelerators to Improve Utilization in Warehouse-Scale Computers},
 booktitle = {Proceedings of the Twenty-Second International Conference on Architectural Support for Programming Languages and Operating Systems},
 series = {ASPLOS '17},
 year = {2017},
 isbn = {978-1-4503-4465-4},
 location = {Xi'an, China},
 pages = {17--32},
 numpages = {16},
 url = {http://doi.acm.org/10.1145/3037697.3037700},
 doi = {10.1145/3037697.3037700},
 acmid = {3037700},
 publisher = {ACM},
 address = {New York, NY, USA},
 keywords = {non-preemptive accelerators, quality-of-service prediction, warehouse-scale computers},
}

@article{translate1,
  author    = {Melvin Johnson and
               Mike Schuster and
               Quoc V. Le and
               Maxim Krikun and
               Yonghui Wu and
               Zhifeng Chen and
               Nikhil Thorat and
               Fernanda B. Vi{\'{e}}gas and
               Martin Wattenberg and
               Greg Corrado and
               Macduff Hughes and
               Jeffrey Dean},
  title     = {Google's Multilingual Neural Machine Translation System: Enabling
               Zero-Shot Translation},
  journal   = {CoRR},
  volume    = {abs/1611.04558},
  year      = {2016},
  url       = {http://arxiv.org/abs/1611.04558},
  timestamp = {Wed, 07 Jun 2017 14:41:25 +0200},
  biburl    = {http://dblp.uni-trier.de/rec/bib/journals/corr/JohnsonSLKWCTVW16},
  bibsource = {dblp computer science bibliography, http://dblp.org}
}

@article{translate2,
  author    = {Zhen Yang and
               Wei Chen and
               Feng Wang and
               Bo Xu},
  title     = {Improving Neural Machine Translation with Conditional Sequence Generative
               Adversarial Nets},
  journal   = {CoRR},
  volume    = {abs/1703.04887},
  year      = {2017},
  url       = {http://arxiv.org/abs/1703.04887},
  timestamp = {Wed, 07 Jun 2017 14:41:58 +0200},
  biburl    = {http://dblp.uni-trier.de/rec/bib/journals/corr/YangCWX17},
  bibsource = {dblp computer science bibliography, http://dblp.org}
}

@article{translate3,
  author    = {Dzmitry Bahdanau and
               Kyunghyun Cho and
               Yoshua Bengio},
  title     = {Neural Machine Translation by Jointly Learning to Align and Translate},
  journal   = {CoRR},
  volume    = {abs/1409.0473},
  year      = {2014},
  url       = {http://arxiv.org/abs/1409.0473},
  timestamp = {Wed, 07 Jun 2017 14:40:19 +0200},
  biburl    = {http://dblp.uni-trier.de/rec/bib/journals/corr/BahdanauCB14},
  bibsource = {dblp computer science bibliography, http://dblp.org}
}

@article{translate4,
  author    = {Kyunghyun Cho and
               Bart van Merrienboer and
               {\c{C}}aglar G{\"{u}}l{\c{c}}ehre and
               Fethi Bougares and
               Holger Schwenk and
               Yoshua Bengio},
  title     = {Learning Phrase Representations using {RNN} Encoder-Decoder for Statistical
               Machine Translation},
  journal   = {CoRR},
  volume    = {abs/1406.1078},
  year      = {2014},
  url       = {http://arxiv.org/abs/1406.1078},
  timestamp = {Wed, 07 Jun 2017 14:43:08 +0200},
  biburl    = {http://dblp.uni-trier.de/rec/bib/journals/corr/ChoMGBSB14},
  bibsource = {dblp computer science bibliography, http://dblp.org}
}

@book{knapsack,
 author = {Martello, Silvano and Toth, Paolo},
 title = {Knapsack Problems: Algorithms and Computer Implementations},
 year = {1990},
 isbn = {0-471-92420-2},
 publisher = {John Wiley \& Sons, Inc.},
 address = {New York, NY, USA},
}

@inproceedings{Floyd:SIGCOMM2000,
  author    = {Sally Floyd and
               Mark Handley and
               Jitendra Padhye and
               J{\"{o}}rg Widmer},
  title     = {Equation-based congestion control for unicast applications},
  booktitle = {{SIGCOMM}},
  pages     = {43--56},
  year      = {2000},
}

@inproceedings{Zhou:TACO2016,
author = {Zhou, Mingzhou and Zhou, Mingzhou and Shen, Xipeng and Gao, Yaoqing and Yiu, Graham},
booktitle = {ACM Transactions on Architecture and Code Optimization},
title = {Examining and Reducing the Influence of Sampling Errors on Feedback-Driven Optimizations},
year = {2016}
}

@inproceedings{Wu:ASPLOS2017,
    author = {Bo Wu and Xu Liu and Xiaobo Zhou and Changjun Jiang},
    title = {FLEP: Enabling Flexible and Efficient Preemption on GPUs},
    booktitle = {Proceedings of the 22nd International Conference on Architectural Support for
        Programming Languages and Operating Systems},
    year = {2017}
}

@inproceedings{Liu:SC15,
 author = {Liu, Xu and Wu, Bo},
 title = {ScaAnalyzer: A Tool to Identify Memory Scalability Bottlenecks in Parallel Programs},
 booktitle = {Proceedings of the International Conference for High Performance Computing, Networking, Storage and Analysis},
 series = {SC '15},
 year = {2015},
 isbn = {978-1-4503-3723-6},
 location = {Austin, Texas},
 pages = {47:1--47:12},
 articleno = {47},
 numpages = {12},
 url = {http://doi.acm.org/10.1145/2807591.2807648},
 doi = {10.1145/2807591.2807648},
 acmid = {2807648},
 publisher = {ACM},
 address = {New York, NY, USA},
 keywords = {memory bottlenecks, parallel profiler, scalability},
}

@inproceedings{finepar,
    author = {Feng Zhang and Bo Wu and Jidong Zhai and Bingsheng He and Wenguang Chen},
    title = {FinePar: Irregularity-Aware Fine-Grained Workload Partitioning on Integrated
        Architectures},
    booktitle = {The International Symposium on Code Generation and Optimization},
    year = {2017}
}

@article{Cohen_afast,
    author = {Jonathan M. Cohen and M. Jeroen Molemaker},
    title = {A fast double precision CFD code using CUDA},
    journal = {J. Phys. Soc. Japan},
    year = {2009},
    pages = {2237--2341}
}

@inproceedings{Jetley:SC2010,
  author    = {Pritish Jetley and
               Lukasz Wesolowski and
               Filippo Gioachin and
               Laxmikant V. Kal{\'{e}} and
               Thomas R. Quinn},
  title     = {Scaling Hierarchical N-body Simulations on {GPU} Clusters},
  booktitle = {Conference on High Performance Computing Networking, Storage and Analysis,
               {SC} 2010, New Orleans, LA, USA, November 13-19, 2010},
  pages     = {1--11},
  year      = {2010},
}

@article{cetus,
  author    = {Hansang Bae and
               Dheya Mustafa and
               Jae{-}Woo Lee and
               Aurangzeb and
               Hao Lin and
               Chirag Dave and
               Rudolf Eigenmann and
               Samuel P. Midkiff},
  title     = {The Cetus Source-to-Source Compiler Infrastructure: Overview and Evaluation},
  journal   = {International Journal of Parallel Programming},
  volume    = {41},
  number    = {6},
  pages     = {753--767},
  year      = {2013},
  url       = {http://dx.doi.org/10.1007/s10766-012-0211-z},
  doi       = {10.1007/s10766-012-0211-z},
  timestamp = {Fri, 30 Aug 2013 10:42:39 +0200},
  biburl    = {http://dblp.uni-trier.de/rec/bib/journals/ijpp/BaeMLALDEM13},
  bibsource = {dblp computer science bibliography, http://dblp.org}
}

@article{Glaser:CPC2015,
  author    = {Jens Glaser and
               Trung Dac Nguyen and
               Joshua A. Anderson and
               Pak Lui and
               Filippo Spiga and
               Jaime A. Millan and
               David C. Morse and
               Sharon C. Glotzer},
  title     = {Strong scaling of general-purpose molecular dynamics simulations on
               GPUs},
  journal   = {Computer Physics Communications},
  volume    = {192},
  pages     = {97--107},
  year      = {2015},
  url       = {http://dx.doi.org/10.1016/j.cpc.2015.02.028},
  doi       = {10.1016/j.cpc.2015.02.028},
  timestamp = {Thu, 28 May 2015 14:32:32 +0200},
  biburl    = {http://dblp2.uni-trier.de/rec/bib/journals/cphysics/GlaserNALSMMG15},
  bibsource = {dblp computer science bibliography, http://dblp.org}
}

@inproceedings{Liu:SC2015,
 author = {Liu, Hang and Huang, H. Howie},
 title = {Enterprise: Breadth-first Graph Traversal on GPUs},
 booktitle = {Proceedings of the International Conference for High Performance Computing, Networking, Storage and Analysis},
 series = {SC '15},
 year = {2015},
 isbn = {978-1-4503-3723-6},
 location = {Austin, Texas},
 pages = {68:1--68:12},
 articleno = {68},
 numpages = {12},
 url = {http://doi.acm.org/10.1145/2807591.2807594},
 doi = {10.1145/2807591.2807594},
 acmid = {2807594},
 publisher = {ACM},
 address = {New York, NY, USA},
}

@inproceedings{Liu:SIGMOD2016,
 author = {Liu, Hang and Huang, H. Howie and Hu, Yang},
 title = {iBFS: Concurrent Breadth-First Search on GPUs},
 booktitle = {Proceedings of the 2016 International Conference on Management of Data},
 series = {SIGMOD '16},
 year = {2016},
 isbn = {978-1-4503-3531-7},
 location = {San Francisco, California, USA},
 pages = {403--416},
 numpages = {14},
 url = {http://doi.acm.org/10.1145/2882903.2882959},
 doi = {10.1145/2882903.2882959},
 acmid = {2882959},
 publisher = {ACM},
 address = {New York, NY, USA},
 keywords = {GPUs},
}

@inproceedings{Khorasani:HPDC2014,
  author    = {Farzad Khorasani and
               Keval Vora and
               Rajiv Gupta and
               Laxmi N. Bhuyan},
  title     = {CuSha: vertex-centric graph processing on GPUs},
  booktitle = {The 23rd International Symposium on High-Performance Parallel and
               Distributed Computing, HPDC'14, Vancouver, BC, Canada - June 23 -
               27, 2014},
  pages     = {239--252},
  year      = {2014},
  url       = {http://doi.acm.org/10.1145/2600212.2600227},
  doi       = {10.1145/2600212.2600227},
  timestamp = {Tue, 24 Jun 2014 08:49:11 +0200},
  biburl    = {http://dblp.uni-trier.de/rec/bib/conf/hpdc/KhorasaniVGB14},
  bibsource = {dblp computer science bibliography, http://dblp.org}
}

@article{mnist,
  author    = {L. Deng},
  title     = {The {MNIST} Database of Handwritten Digit Images for Machine Learning
               Research [Best of the Web]},
  journal   = {{IEEE} Signal Process. Mag.},
  volume    = {29},
  number    = {6},
  pages     = {141--142},
  year      = {2012},
  url       = {http://dx.doi.org/10.1109/MSP.2012.2211477},
  doi       = {10.1109/MSP.2012.2211477},
  timestamp = {Sat, 20 Oct 2012 17:29:19 +0200},
  biburl    = {http://dblp.uni-trier.de/rec/bib/journals/spm/Deng12},
  bibsource = {dblp computer science bibliography, http://dblp.org}
}

@article{snap,
  title={SNAP: A General-Purpose Network Analysis and Graph-Mining Library},
  author={Leskovec, Jure and Sosi{\v{c}}, Rok},
  journal={ACM Transactions on Intelligent Systems and Technology (TIST)},
  volume={8},
  number={1},
  pages={1},
  year={2016},
  publisher={ACM}
}

@inproceedings{Hauswald:ISCA2015,
  author    = {Johann Hauswald and
               Yiping Kang and
               Michael A. Laurenzano and
               Quan Chen and
               Cheng Li and
               Trevor N. Mudge and
               Ronald G. Dreslinski and
               Jason Mars and
               Lingjia Tang},
  title     = {DjiNN and Tonic: {DNN} as a service and its implications for future
               warehouse scale computers},
  booktitle = {Proceedings of the 42nd Annual International Symposium on Computer
               Architecture, Portland, OR, USA, June 13-17, 2015},
  pages     = {27--40},
  year      = {2015},
  url       = {http://doi.acm.org/10.1145/2749469.2749472},
  doi       = {10.1145/2749469.2749472},
  timestamp = {Wed, 27 May 2015 08:37:27 +0200},
  biburl    = {http://dblp.uni-trier.de/rec/bib/conf/isca/HauswaldKLCLMDM15},
  bibsource = {dblp computer science bibliography, http://dblp.org}
}

@inproceedings{Hauswald:ASPLOS2015,
  author    = {Johann Hauswald and
               Michael A. Laurenzano and
               Yunqi Zhang and
               Cheng Li and
               Austin Rovinski and
               Arjun Khurana and
               Ronald G. Dreslinski and
               Trevor N. Mudge and
               Vinicius Petrucci and
               Lingjia Tang and
               Jason Mars},
  title     = {Sirius: An Open End-to-End Voice and Vision Personal Assistant and
               Its Implications for Future Warehouse Scale Computers},
  booktitle = {Proceedings of the Twentieth International Conference on Architectural
               Support for Programming Languages and Operating Systems, {ASPLOS}
               '15, Istanbul, Turkey, March 14-18, 2015},
  pages     = {223--238},
  year      = {2015},
  url       = {http://doi.acm.org/10.1145/2694344.2694347},
  doi       = {10.1145/2694344.2694347},
  timestamp = {Thu, 26 Feb 2015 17:21:18 +0100},
  biburl    = {http://dblp.uni-trier.de/rec/bib/conf/asplos/HauswaldLZLRKDM15},
  bibsource = {dblp computer science bibliography, http://dblp.org}
}

@article{Zhong:TPDS2014,
 author = {Zhong, Jianlong and He, Bingsheng},
 title = {Medusa: Simplified Graph Processing on GPUs},
 journal = {IEEE Trans. Parallel Distrib. Syst.},
 issue_date = {June 2014},
 volume = {25},
 number = {6},
 month = jun,
 year = {2014},
 issn = {1045-9219},
 pages = {1543--1552},
 numpages = {10},
 url = {http://dx.doi.org/10.1109/TPDS.2013.111},
 doi = {10.1109/TPDS.2013.111},
 acmid = {2707627},
 publisher = {IEEE Press},
 address = {Piscataway, NJ, USA},
}

@inproceedings{Wang:PPoPP2015,
 author = {Wang, Yangzihao and Davidson, Andrew and Pan, Yuechao and Wu, Yuduo and Riffel, Andy and Owens, John D.},
 title = {Gunrock: A High-performance Graph Processing Library on the GPU},
 booktitle = {Proceedings of the 20th ACM SIGPLAN Symposium on Principles and Practice of Parallel Programming},
 series = {PPoPP 2015},
 year = {2015},
 isbn = {978-1-4503-3205-7},
 location = {San Francisco, CA, USA},
 pages = {265--266},
 numpages = {2},
 url = {http://doi.acm.org/10.1145/2688500.2688538},
 doi = {10.1145/2688500.2688538},
 acmid = {2688538},
 publisher = {ACM},
 address = {New York, NY, USA},
 keywords = {GPU, Graph Processing, Runtime Framework},
}

@article{Hannun:CORR2014,
  author    = {Awni Y. Hannun and
               Carl Case and
               Jared Casper and
               Bryan Catanzaro and
               Greg Diamos and
               Erich Elsen and
               Ryan Prenger and
               Sanjeev Satheesh and
               Shubho Sengupta and
               Adam Coates and
               Andrew Y. Ng},
  title     = {Deep Speech: Scaling up end-to-end speech recognition},
  journal   = {CoRR},
  volume    = {abs/1412.5567},
  year      = {2014},
  url       = {http://arxiv.org/abs/1412.5567},
  timestamp = {Tue, 12 Jul 2016 21:51:10 +0200},
  biburl    = {http://dblp.uni-trier.de/rec/bib/journals/corr/HannunCCCDEPSSCN14},
  bibsource = {dblp computer science bibliography, http://dblp.org}
}

@inproceedings{Li:CIT2010,
  author    = {You Li and
               Kaiyong Zhao and
               Xiaowen Chu and
               Jiming Liu},
  title     = {Speeding up K-Means Algorithm by GPUs},
  booktitle = {10th {IEEE} International Conference on Computer and Information Technology,
               {CIT} 2010, Bradford, West Yorkshire, UK, June 29-July 1, 2010},
  pages     = {115--122},
  year      = {2010},
  url       = {http://dx.doi.org/10.1109/CIT.2010.60},
  doi       = {10.1109/CIT.2010.60},
  timestamp = {Tue, 31 May 2016 16:44:16 +0200},
  biburl    = {http://dblp.uni-trier.de/rec/bib/conf/IEEEcit/LiZCL10},
  bibsource = {dblp computer science bibliography, http://dblp.org}
}

@article{Garcia:CORR2008,
  author    = {Vincent Garcia and
               Eric Debreuve and
               Michel Barlaud},
  title     = {Fast k Nearest Neighbor Search using {GPU}},
  journal   = {CoRR},
  volume    = {abs/0804.1448},
  year      = {2008},
  url       = {http://arxiv.org/abs/0804.1448},
  timestamp = {Mon, 05 Dec 2011 18:04:52 +0100},
  biburl    = {http://dblp.uni-trier.de/rec/bib/journals/corr/abs-0804-1448},
  bibsource = {dblp computer science bibliography, http://dblp.org}
}

@inproceedings{Hong:ISCA09,
  author    = {Sunpyo Hong and
               Hyesoon Kim},
  title     = {An analytical model for a {GPU} architecture with memory-level and
               thread-level parallelism awareness},
  booktitle = {36th International Symposium on Computer Architecture {(ISCA} 2009),
               June 20-24, 2009, Austin, TX, {USA}},
  pages     = {152--163},
  year      = {2009},
}

@inproceedings{Chang+:ASPLOS16,
 author = {Li-Wen Chang and Hee-Seok Kim and Wen-mei Hwu},
 title = {DySel: Lightweight Dynamic Selection for Kernel-based Data-parallel Programming Model},
 booktitle = {Proceedings of the 21st International Conference on Architectural Support for Programming Languages and Operating Systems},
 series = {ASPLOS '16},
 year = {2016},
 location = {Atlanta, GA},
}

@inproceedings{Elliott+:RTCSA,
  author    = {Glenn A. Elliott and
               James H. Anderson},
  title     = {Real-World Constraints of GPUs in Real-Time Systems},
  booktitle = {17th {IEEE} International Conference on Embedded and Real-Time Computing
               Systems and Applications, {RTCSA} 2011, Toyama, Japan, August 28-31,
               2011, Volume 2},
  pages     = {48--54},
  year      = {2011},
}

@inproceedings{Bhatotia:FAST12,
 author = {Bhatotia, Pramod and Rodrigues, Rodrigo and Verma, Akshat},
 title = {Shredder: GPU-accelerated Incremental Storage and Computation},
 booktitle = {Proceedings of the 10th USENIX Conference on File and Storage Technologies},
 series = {FAST'12},
 year = {2012},
 location = {San Jose, CA},
 pages = {14--14},
 address = {Berkeley, CA, USA},
}

@book{Hoelzle:2009,
 author = {Hoelzle, Urs and Barroso, Luiz Andre},
 title = {The Datacenter As a Computer: An Introduction to the Design of Warehouse-Scale Machines},
 year = {2009},
 isbn = {159829556X, 9781598295566},
 edition = {1st},
 publisher = {Morgan and Claypool Publishers},
}

@article{Eyerman+:MICROJ08,
  author = {Eyerman, Stijn and Eeckhout, Lieven},
  interhash = {b4adb0854b9949884ede52b5dcf1200c},
  intrahash = {072673950bdd40d47ced58a37dfad293},
  journal = {IEEE Micro},
  number = 3,
  pages = {42-53},
  title = {System-Level Performance Metrics for Multiprogram Workloads.},
  volume = 28,
  year = 2008
}

@inproceedings{Muth+:FOCS99,
 author = {Muthukrishnan, S. and Rajaraman, Rajmohan and Shaheen, Anthony and Gehrke, Johannes E.},
 title = {Online Scheduling to Minimize Average Stretch},
 booktitle = {Proceedings of the 40th Annual Symposium on Foundations of Computer Science},
 series = {FOCS '99},
 year = {1999},
 address = {Washington, DC, USA},
}

@misc{NVLink,
   title = "{{NVLink Communication Protocol}}",
   note = "{\url{https://en.wikipedia.org/wiki/NVLink}}",
}

@misc{Clang,
   title = "clang: a {C} language family frontend for {LLVM}",
   note = "{\url{http://clang.llvm.org/}} ; accessed 23-02-2016",
}

@misc{libtool,
  title = "Clang LibTooling Library",
  note = "{\url{http://clang.llvm.org/docs/LibTooling.html}} ; accessed 23-02-2016",
}

@misc{Azure,
  title = "Microsoft Azure",
  note = "{\url{https://azure.microsoft.com/}}",
}

@misc{AWS,
  title = "Amazon Web Services",
  note = "{\url{https://aws.amazon.com/}}",
}

@misc{penguin,
  title = "Penguin On-Demand HPC Cloud",
  note = "{\url{https://pod.penguincomputing.com/}}",
}

@misc{google_cloud,
  title = {{Google Cloud}},
  note = "{\url{http://cloud.google.com/}}; accessed 09-07-2017",
}

@misc{top500,
  title = {{Top500 Supercomputer Sites}},
  note = "{\url{http://www.top500.org/}}; accessed 13-03-2016",
}

@inproceedings{Rodinia,
 author = {S. Che and M. Boyer and J. Meng and D. Tarjan and J. W. Sheaffer and S.-H. Lee and K. Skadron},
 title = {Rodinia: A Benchmark Suite for Heterogeneous Computing},
 booktitle = {IISWC},
 year = {2009}
 }

@techreport{Parboil,
author = {Stratton, John A. and Rodrigrues, Christopher and Sung, I-Jui and Obeid, Nady and Chang, Liwen and Liu, Geng and Hwu, Wen-Mei W.},
title = {Parboil: A Revised Benchmark Suite for Scientific and Commercial Throughput Computing},
institution = {University of Illinois at Urbana-Champaign},
number = {IMPACT-12-01},
address = {Urbana},
year = {2012},
month = mar
}

@inproceedings{SHOC,
 author = {Danalis, Anthony and Marin, Gabriel and McCurdy, Collin and Meredith, Jeremy S. and Roth, Philip C. and Spafford, Kyle and Tipparaju, Vinod and Vetter, Jeffrey S.},
 title = {The Scalable Heterogeneous Computing (SHOC) benchmark suite},
 booktitle = {GPGPU},
 year = {2010},
}

@inproceedings{Gregg+:HOTPAR12,
  author = {Chris Gregg and Jonathan Dorn and Kim Hazelwood and Kevin Skadron},
  title = {Fine-Grained Resource Sharing for Concurrent GPGPU Kernels},
  booktitle = {Presented as part of the 4th USENIX Workshop on Hot Topics in Parallelism},
  year = {2012},
  location = {Berkeley, CA},
  url = {https://www.usenix.org/conference/hotpar12/fine-grained-resource-sharing-concurrent-gpgpu-kernels},
  publisher = {USENIX},
  address = {Berkeley, CA}
}

@inproceedings{Park+:ASPLOS15,
 author = {Park, Jason Jong Kyu and Park, Yongjun and Mahlke, Scott},
 title = {Chimera: Collaborative Preemption for Multitasking on a Shared GPU},
 booktitle = {Proceedings of the Twentieth International Conference on Architectural Support for Programming Languages and Operating Systems},
 series = {ASPLOS '15},
 year = {2015},
 isbn = {978-1-4503-2835-7},
 location = {Istanbul, Turkey},
 pages = {593--606},
 numpages = {14},
 url = {http://doi.acm.org/10.1145/2694344.2694346},
 doi = {10.1145/2694344.2694346},
 acmid = {2694346},
 publisher = {ACM},
 address = {New York, NY, USA},
 keywords = {context switch, graphics processing unit, idempotence, preemptive multitasking},
}

@inproceedings{Tanasic+:ISCA14,
 author = {Tanasic, Ivan and Gelado, Isaac and Cabezas, Javier and Ramirez, Alex and Navarro, Nacho and Valero, Mateo},
 title = {Enabling Preemptive Multiprogramming on GPUs},
 booktitle = {Proceeding of the 41st Annual International Symposium on Computer Architecuture},
 series = {ISCA '14},
 year = {2014},
 isbn = {978-1-4799-4394-4},
 location = {Minneapolis, Minnesota, USA},
 pages = {193--204},
 numpages = {12},
 url = {http://dl.acm.org/citation.cfm?id=2665671.2665702},
 acmid = {2665702},
 publisher = {IEEE Press},
 address = {Piscataway, NJ, USA},
}

@article{Wang+:CAL15,
  author = {Zhenning Wang and Jun Yang and Rami Melhem and Bruce Childers and Youtao Zhang and Minyi Guo},
  title = {Simultaneous Multikernel: Fine-grained Sharing of GPGPUs},
  journal   = {{IEEE} COMPUTER ARCHITECTURE LETTERS},
  volume    = {PP},
  number    = {99},
  pages     = {748--760},
  year      = {2015},
}

@inproceedings{Jog+:MEMSYS15,
 author = {Jog, Adwait and Kayiran, Onur and Kesten, Tuba and Pattnaik, Ashutosh and Bolotin, Evgeny and Chatterjee, Niladrish and Keckler, Stephen W. and Kandemir, Mahmut T. and Das, Chita R.},
 title = {Anatomy of GPU Memory System for Multi-Application Execution},
 booktitle = {Proceedings of the 2015 International Symposium on Memory Systems},
 series = {MEMSYS '15},
 year = {2015},
 isbn = {978-1-4503-3604-8},
 location = {Washington DC, DC, USA},
 pages = {223--234},
 numpages = {12},
 url = {http://doi.acm.org/10.1145/2818950.2818979},
 doi = {10.1145/2818950.2818979},
 acmid = {2818979},
 publisher = {ACM},
 address = {New York, NY, USA},
 keywords = {Analytical Modeling, GPGPUs, Memory System},
}

@article{Liang+:TPDS15,
  author    = {Yun Liang and
               Huynh Phung Huynh and
               Kyle Rupnow and
               Rick Siow Mong Goh and
               Deming Chen},
  title     = {Efficient {GPU} Spatial-Temporal Multitasking},
  journal   = {{IEEE} Trans. Parallel Distrib. Syst.},
  volume    = {26},
  number    = {3},
  pages     = {748--760},
  year      = {2015},
  url       = {http://dx.doi.org/10.1109/TPDS.2014.2313342},
  doi       = {10.1109/TPDS.2014.2313342},
  timestamp = {Fri, 04 Mar 2016 19:57:00 +0100},
  biburl    = {http://dblp.uni-trier.de/rec/bib/journals/tpds/LiangHRGC15},
  bibsource = {dblp computer science bibliography, http://dblp.org}
}

@inproceedings{Adriaens+:HPCA12,
  author    = {Jacob Adriaens and
               Katherine Compton and
               Nam Sung Kim and
               Michael J. Schulte},
  title     = {The case for {GPGPU} spatial multitasking},
  booktitle = {18th {IEEE} International Symposium on High Performance Computer Architecture,
               {HPCA} 2012, New Orleans, LA, USA, 25-29 February, 2012},
  pages     = {79--90},
  year      = {2012},
  url       = {http://dx.doi.org/10.1109/HPCA.2012.6168946},
  doi       = {10.1109/HPCA.2012.6168946},
  timestamp = {Tue, 07 Oct 2014 17:26:20 +0200},
  biburl    = {http://dblp.uni-trier.de/rec/bib/conf/hpca/AdriaensCKS12},
  bibsource = {dblp computer science bibliography, http://dblp.org}
}

@inproceedings{Kato+:ATC11,
 author = {Kato, Shinpei and Lakshmanan, Karthik and Rajkumar, Ragunathan and Ishikawa, Yutaka},
 title = {TimeGraph: GPU Scheduling for Real-time Multi-tasking Environments},
 booktitle = {Proceedings of the 2011 USENIX Conference on USENIX Annual Technical Conference},
 series = {USENIXATC'11},
 year = {2011},
 location = {Portland, OR},
 pages = {2--2},
 numpages = {1},
 url = {http://dl.acm.org/citation.cfm?id=2002181.2002183},
 acmid = {2002183},
 publisher = {USENIX Association},
 address = {Berkeley, CA, USA},
}

@inproceedings{Chen+:ASPLOS16,
 author = {Quan Chen and Hailong Yang and Jason Mars and Lingjia Tang},
 title = {Baymax : QoS Awareness and Increased Utilization of Non-Preemptive Accelerators
   in Warehouse Scale Computers},
 booktitle = {Proceedings of the 21st International Conference on Architectural Support for Programming Languages and Operating Systems},
 series = {ASPLOS '16},
 year = {2016},
 location = {Atlanta, GA},
}

@inproceedings{Zhang+:ASPLOS16,
 author = {Huazhe Zhang and Henry Hoffmann},
 title = {Maximizing Performance Under a Power Cap: A Comparison of Hardware, Software, and Hybrid Techniques},
 booktitle = {Proceedings of the 21st International Conference on Architectural Support for Programming Languages and Operating Systems},
 series = {ASPLOS '16},
 year = {2016},
 location = {Atlanta, GA},
}

@inproceedings{Beamer+:SC12,
 author = {Beamer, Scott and Asanovi\'{c}, Krste and Patterson, David},
 title = {Direction-optimizing Breadth-first Search},
 booktitle = {Proceedings of the International Conference on High Performance Computing, Networking, Storage and Analysis},
 series = {SC '12},
 year = {2012},
 isbn = {978-1-4673-0804-5},
 location = {Salt Lake City, Utah},
 pages = {12:1--12:10},
 articleno = {12},
 numpages = {10},
 url = {http://dl.acm.org/citation.cfm?id=2388996.2389013},
 acmid = {2389013},
 publisher = {IEEE Computer Society Press},
 address = {Los Alamitos, CA, USA},
}

@article{Chen+:MICROJ15,
  author    = {Guoyang Chen and
               Bo Wu and
               Dong Li and
               Xipeng Shen},
  title     = {Enabling Portable Optimizations of Data Placement on {GPU}},
  journal   = {{IEEE} Micro},
  volume    = {35},
  number    = {4},
  pages     = {16--24},
  year      = {2015},
  url       = {http://dx.doi.org/10.1109/MM.2015.53},
  doi       = {10.1109/MM.2015.53},
  timestamp = {Wed, 09 Dec 2015 09:56:59 +0100},
  biburl    = {http://dblp.uni-trier.de/rec/bib/journals/micro/ChenWLS15},
  bibsource = {dblp computer science bibliography, http://dblp.org}
}

@inproceedings{Wu+:PACT11,
  author    = {Bo Wu and
               Eddy Z. Zhang and
               Xipeng Shen},
  title     = {Enhancing Data Locality for Dynamic Simulations through Asynchronous
               Data Transformations and Adaptive Control},
  booktitle = {2011 International Conference on Parallel Architectures and Compilation
               Techniques, {PACT} 2011, Galveston, TX, USA, October 10-14, 2011},
  pages     = {243--252},
  year      = {2011},
  doi       = {10.1109/PACT.2011.56},
  timestamp = {Mon, 11 Aug 2014 17:11:12 +0200},
  bibsource = {dblp computer science bibliography, http://dblp.org}
}

@inproceedings{Wu+:OOPSLA12,
  author    = {Bo Wu and
               Zhijia Zhao and
               Xipeng Shen and
               Yunlian Jiang and
               Yaoqing Gao and
               Ra{\'{u}}l Silvera},
  title     = {Exploiting inter-sequence correlations for program behavior prediction},
  booktitle = {Proceedings of the 27th Annual {ACM} {SIGPLAN} Conference on Object-Oriented
               Programming, Systems, Languages, and Applications, {OOPSLA} 2012,
               part of {SPLASH} 2012, Tucson, AZ, USA, October 21-25, 2012},
  pages     = {851--866},
  year      = {2012},
  doi       = {10.1145/2384616.2384678},
  timestamp = {Tue, 23 Oct 2012 08:56:35 +0200},
  bibsource = {dblp computer science bibliography, http://dblp.org}
}

@inproceedings{Guo+:ICS12,
  author    = {Ziyu Guo and
               Bo Wu and
               Xipeng Shen},
  title     = {One stone two birds: synchronization relaxation and redundancy removal
               in {GPU-CPU} translation},
  booktitle = {International Conference on Supercomputing, ICS'12, Venice, Italy,
               June 25-29, 2012},
  pages     = {25--36},
  year      = {2012},
  doi       = {10.1145/2304576.2304583},
  timestamp = {Tue, 26 Jun 2012 12:51:33 +0200},
  bibsource = {dblp computer science bibliography, http://dblp.org}
}

@inproceedings{Wu+:PPOPP13,
  author    = {Bo Wu and
               Zhijia Zhao and
               Eddy Zheng Zhang and
               Yunlian Jiang and
               Xipeng Shen},
  title     = {Complexity analysis and algorithm design for reorganizing data to
               minimize non-coalesced memory accesses on {GPU}},
  booktitle = {{ACM} {SIGPLAN} Symposium on Principles and Practice of Parallel Programming,
               PPoPP '13, Shenzhen, China, February 23-27, 2013},
  pages     = {57--68},
  year      = {2013},
  doi       = {10.1145/2442516.2442523},
  timestamp = {Sun, 16 Mar 2014 14:20:37 +0100},
  bibsource = {dblp computer science bibliography, http://dblp.org}
}

@inproceedings{Wu+:ECOOP13,
  author    = {Bo Wu and
               Mingzhou Zhou and
               Xipeng Shen and
               Yaoqing Gao and
               Ra{\'{u}}l Silvera and
               Graham Yiu},
  title     = {Simple Profile Rectifications Go a Long Way - Statistically Exploring
               and Alleviating the Effects of Sampling Errors for Program Optimizations},
  booktitle = {{ECOOP} 2013 - Object-Oriented Programming - 27th European Conference,
               Montpellier, France, July 1-5, 2013. Proceedings},
  pages     = {654--678},
  year      = {2013},
  doi       = {10.1007/978-3-642-39038-8_27},
  timestamp = {Thu, 27 Jun 2013 13:57:54 +0200},
  bibsource = {dblp computer science bibliography, http://dblp.org}
}

@inproceedings{Zhou+:CGO13,
  author    = {Mingzhou Zhou and
               Bo Wu and
               Yufei Ding and
               Xipeng Shen},
  title     = {Profmig: {A} framework for flexible migration of program profiles
               across software versions},
  booktitle = {Proceedings of the 2013 {IEEE/ACM} International Symposium on Code
               Generation and Optimization, {CGO} 2013, Shenzhen, China, February
               23-27, 2013},
  pages     = {17:1--17:12},
  year      = {2013},
  doi       = {10.1109/CGO.2013.6494984},
  timestamp = {Fri, 24 Apr 2015 14:24:51 +0200},
  bibsource = {dblp computer science bibliography, http://dblp.org}
}

@inproceedings{Wang+:PACT13,
  author    = {Bin Wang and
               Bo Wu and
               Dong Li and
               Xipeng Shen and
               Weikuan Yu and
               Yizheng Jiao and
               Jeffrey S. Vetter},
  title     = {Exploring hybrid memory for {GPU} energy efficiency through software-hardware
               co-design},
  booktitle = {Proceedings of the 22nd International Conference on Parallel Architectures
               and Compilation Techniques, Edinburgh, United Kingdom, September 7-11,
               2013},
  pages     = {93--102},
  year      = {2013},
  doi       = {10.1109/PACT.2013.6618807},
  timestamp = {Tue, 02 Jun 2015 18:34:40 +0200},
  bibsource = {dblp computer science bibliography, http://dblp.org}
}

@inproceedings{Zhao+:OOPSLA14,
  author    = {Zhijia Zhao and
               Bo Wu and
               Mingzhou Zhou and
               Yufei Ding and
               Jianhua Sun and
               Xipeng Shen and
               Youfeng Wu},
  title     = {Call sequence prediction through probabilistic calling automata},
  booktitle = {Proceedings of the 2014 {ACM} International Conference on Object Oriented
               Programming Systems Languages {\&} Applications, {OOPSLA} 2014,
               part of {SPLASH} 2014, Portland, OR, USA, October 20-24, 2014},
  pages     = {745--762},
  year      = {2014},
  doi       = {10.1145/2660193.2660221},
  timestamp = {Thu, 16 Oct 2014 09:16:19 +0200},
  bibsource = {dblp computer science bibliography, http://dblp.org}
}

@inproceedings{Chen+:MICRO14,
  author    = {Guoyang Chen and
               Bo Wu and
               Dong Li and
               Xipeng Shen},
  title     = {{PORPLE:} An Extensible Optimizer for Portable Data Placement on {GPU}},
  booktitle = {47th Annual {IEEE/ACM} International Symposium on Microarchitecture,
               {MICRO} 2014, Cambridge, United Kingdom, December 13-17, 2014},
  pages     = {88--100},
  year      = {2014},
  doi       = {10.1109/MICRO.2014.20},
  timestamp = {Tue, 08 Sep 2015 16:21:52 +0200},
  bibsource = {dblp computer science bibliography, http://dblp.org}
}

@inproceedings{Zhao+:ASPLOS14,
  author    = {Zhijia Zhao and
               Bo Wu and
               Xipeng Shen},
  title     = {Challenging the "embarrassingly sequential": parallelizing finite
               state machine-based computations through principled speculation},
  booktitle = {Architectural Support for Programming Languages and Operating Systems,
               {ASPLOS} '14, Salt Lake City, UT, USA, March 1-5, 2014},
  pages     = {543--558},
  year      = {2014},
  doi       = {10.1145/2541940.2541989},
  timestamp = {Wed, 05 Mar 2014 20:44:09 +0100},
  bibsource = {dblp computer science bibliography, http://dblp.org}
}

@inproceedings{Zhu+:HOTOS15,
  author    = {Qi Zhu and
               Meng Zhu and
               Bo Wu and
               Xipeng Shen and
               Kai Shen and
               Zhiying Wang},
  title     = {Software Engagement with Sleeping CPUs},
  booktitle = {15th Workshop on Hot Topics in Operating Systems, HotOS XV, Kartause
               Ittingen, Switzerland, May 18-20, 2015},
  year      = {2015},
}

@inproceedings{Zhu+:LCPC14,
  author    = {Qi Zhu and
               Bo Wu and
               Xipeng Shen and
               Li Shen and
               Zhiying Wang},
  title     = {Understanding Co-run Degradations on Integrated Heterogeneous Processors},
  booktitle = {Languages and Compilers for Parallel Computing - 27th International
               Workshop, {LCPC} 2014, Hillsboro, OR, USA, September 15-17, 2014,
               Revised Selected Papers},
  pages     = {82--97},
  year      = {2014},
}

@inproceedings{Wu+:ICS15,
  author    = {Bo Wu and
               Guoyang Chen and
               Dong Li and
               Xipeng Shen and
               Jeffrey S. Vetter},
  title     = {Enabling and Exploiting Flexible Task Assignment on {GPU} through
               SM-Centric Program Transformations},
  booktitle = {Proceedings of the 29th {ACM} on International Conference on Supercomputing,
               ICS'15, Newport Beach/Irvine, CA, USA, June 08 - 11, 2015},
  pages     = {119--130},
  year      = {2015},
}

@inproceedings{Menychtas+:ASPLOS14,
  author    = {Konstantinos Menychtas and
               Kai Shen and
               Michael L. Scott},
  title     = {Disengaged scheduling for fair, protected access to fast computational
               accelerators},
  booktitle = {Architectural Support for Programming Languages and Operating Systems,
               {ASPLOS} '14, Salt Lake City, UT, USA, March 1-5, 2014},
  pages     = {301--316},
  year      = {2014},
}

@inproceedings{Wang+:ATC15,
author = {Kai Wang and Guoqing Xu and Zhendong Su and Yu David Liu},
title = {GraphQ: Graph Query Processing with Abstraction Refinement{\textemdash}Scalable and Programmable Analytics over Very Large Graphs on a Single PC},
booktitle = {2015 USENIX Annual Technical Conference (USENIX ATC 15)},
year = {2015},
month = Jul,
isbn = {978-1-931971-225},
address = {Santa Clara, CA},
pages = {387--401},
}

@inproceedings{Miguel+:MICRO15,
 author = {Miguel, Joshua San and Albericio, Jorge and Moshovos, Andreas and Jerger, Natalie Enright},
 title = {Doppelg\"{A}Nger: A Cache for Approximate Computing},
 booktitle = {Proceedings of the 48th International Symposium on Microarchitecture},
 series = {MICRO-48},
 year = {2015},
 isbn = {978-1-4503-4034-2},
 location = {Waikiki, Hawaii},
 pages = {50--61},
 numpages = {12},
 address = {New York, NY, USA},
}

@inproceedings{Wang+:ISCA15,
 author = {Wang, Jin and Rubin, Norm and Sidelnik, Albert and Yalamanchili, Sudhakar},
 title = {Dynamic Thread Block Launch: A Lightweight Execution Mechanism to Support Irregular Applications on GPUs},
 booktitle = {Proceedings of the 42Nd Annual International Symposium on Computer Architecture},
 series = {ISCA '15},
 year = {2015},
 isbn = {978-1-4503-3402-0},
 location = {Portland, Oregon},
 pages = {528--540},
 numpages = {13},
 publisher = {ACM},
 address = {New York, NY, USA},
}

@inproceedings{Zhang+:DAC14,
 author = {Zhang, Qian and Yuan, Feng and Ye, Rong and Xu, Qiang},
 title = {ApproxIt: An Approximate Computing Framework for Iterative Methods},
 booktitle = {Proceedings of the 51st Annual Design Automation Conference},
 series = {DAC '14},
 year = {2014},
 isbn = {978-1-4503-2730-5},
 location = {San Francisco, CA, USA},
 pages = {97:1--97:6},
 articleno = {97},
 numpages = {6},
 publisher = {ACM},
 address = {New York, NY, USA},
}


@inproceedings{Zhu+:ASPLOS16,
 author = {Haishan Zhu and Mattan Erez},
 title = {Dirigent: Enforcing QoS for Latency-Critical Tasks on Shared Multicore Systems},
 booktitle = {Proceedings of the 21st International Conference on Architectural Support for Programming Languages and Operating Systems},
 series = {ASPLOS '16},
 year = {2016},
 location = {Atlanta, GA},
}

@inproceedings{Tian+:ATC14,
author = {Kun Tian and Yaozu Dong and David Cowperthwaite},
title = {A Full GPU Virtualization Solution with Mediated Pass-Through},
booktitle = {2014 USENIX Annual Technical Conference (USENIX ATC 14)},
year = {2014},
month = Jun,
isbn = {978-1-931971-10-2},
address = {Philadelphia, PA},
pages = {121--132},
url = {https://www.usenix.org/conference/atc14/technical-sessions/presentation/tian},
publisher = {USENIX Association},
}

@inproceedings{Suzuki+:ATC14,
author = {Yusuke Suzuki and Shinpei Kato and Hiroshi Yamada and Kenji Kono},
title = {GPUvm: Why Not Virtualizing GPUs at the Hypervisor?},
booktitle = {2014 USENIX Annual Technical Conference (USENIX ATC 14)},
year = {2014},
month = Jun,
isbn = {978-1-931971-10-2},
address = {Philadelphia, PA},
pages = {109--120},
url = {https://www.usenix.org/conference/atc14/technical-sessions/presentation/suzuki},
publisher = {USENIX Association},
}

@inproceedings{Dong+:ATC15,
  author = {Yaozu Dong and Mochi Xue and Xiao Zheng and Jiajun Wang and Zhengwei Qi and Haibing Guan},
  title = {Boosting GPU Virtualization Performance with Hybrid Shadow Page Tables},
  booktitle = {2015 USENIX Annual Technical Conference (USENIX ATC 15)},
  year = {2015},
  month = Jul,
  isbn = {978-1-931971-225},
  address = {Santa Clara, CA},
  pages = {517--528},
  publisher = {USENIX Association},
}

@inproceedings{Kehne+:VEE15,
   author = {Kehne, Jens and Metter, Jonathan and Bellosa, Frank},
   title = {GPUswap: Enabling Oversubscription of GPU Memory through Transparent Swapping},
   booktitle = {Proceedings of the 11th ACM SIGPLAN/SIGOPS International Conference on Virtual Execution Environments (VEE '15)},
   pages={65-77},
   doi={10.1145/2731186.2731192},
   address = {Istanbul, Turkey},
   year = 2015,
   month = mar # "~14--15",
 }

@inproceedings{Venkat+:PLDI15,
 author = {Venkat, Anand and Hall, Mary and Strout, Michelle},
 title = {Loop and Data Transformations for Sparse Matrix Code},
 booktitle = {Proceedings of the 36th ACM SIGPLAN Conference on Programming Language Design and Implementation},
 series = {PLDI 2015},
 year = {2015},
 isbn = {978-1-4503-3468-6},
 location = {Portland, OR, USA},
 pages = {521--532},
 numpages = {12},
 url = {http://doi.acm.org/10.1145/2737924.2738003},
 doi = {10.1145/2737924.2738003},
 acmid = {2738003},
 publisher = {ACM},
 address = {New York, NY, USA},
 keywords = {inspector/executor, loop transformations, non-affine, polyhedral model, sparse matrices},
}

@inproceedings{Zhou+:RTAS15,
  author    = {Husheng Zhou and
               Guangmo Tong and
               Cong Liu},
  title     = {{GPES:} a preemptive execution system for {GPGPU} computing},
  booktitle = {21st {IEEE} Real-Time and Embedded Technology and Applications Symposium,
               Seattle, WA, USA, April 13-16, 2015},
  pages     = {87--97},
  year      = {2015},
  url       = {http://dx.doi.org/10.1109/RTAS.2015.7108420},
  doi       = {10.1109/RTAS.2015.7108420},
  timestamp = {Thu, 21 May 2015 13:25:24 +0200},
  biburl    = {http://dblp2.uni-trier.de/rec/bib/conf/rtas/ZhouTL15},
  bibsource = {dblp computer science bibliography, http://dblp.org}
}

@article{Jeong+:IPDPS06,
  author    = {Jaeheon Jeong and
               Michel Dubois},
  title     = {Cache Replacement Algorithms with Nonuniform Miss Costs},
  journal   = {{IEEE} Trans. Computers},
  volume    = {55},
  number    = {4},
  pages     = {353--365},
  year      = {2006},
  url       = {http://dx.doi.org/10.1109/TC.2006.50},
  doi       = {10.1109/TC.2006.50},
  timestamp = {Tue, 22 Dec 2015 15:14:10 +0100},
  biburl    = {http://dblp.uni-trier.de/rec/bib/journals/tc/JeongD06},
  bibsource = {dblp computer science bibliography, http://dblp.org}
}

@InProceedings{Imam+:ECOOP15,
  author =	{Shams Imam and Vivek Sarkar},
  title =	{{The Eureka Programming Model for Speculative Task Parallelism}},
  booktitle =	{29th European Conference on Object-Oriented Programming (ECOOP 2015)},
  pages =	{421--444},
  series =	{Leibniz International Proceedings in Informatics (LIPIcs)},
  ISBN =	{978-3-939897-86-6},
  ISSN =	{1868-8969},
  year =	{2015},
  volume =	{37},
  editor =	{John Tang Boyland},
  publisher =	{Schloss Dagstuhl--Leibniz-Zentrum fuer Informatik},
  address =	{Dagstuhl, Germany},
  URL =		{http://drops.dagstuhl.de/opus/volltexte/2015/5232},
  URN =		{urn:nbn:de:0030-drops-52327},
  doi =		{http://dx.doi.org/10.4230/LIPIcs.ECOOP.2015.421},
  annote =	{Keywords: Async-Finish Model, Delimited Continuations, Eureka Model, Parallel Programming, Speculative Parallelism, Task Cancellation, Task Termination}
}

@inproceedings{Lee+:ISCA15,
 author = {Lee, Shin-Ying and Arunkumar, Akhil and Wu, Carole-Jean},
 title = {CAWA: Coordinated Warp Scheduling and Cache Prioritization for Critical Warp Acceleration of GPGPU Workloads},
 booktitle = {Proceedings of the 42Nd Annual International Symposium on Computer Architecture},
 series = {ISCA '15},
 year = {2015},
 isbn = {978-1-4503-3402-0},
 location = {Portland, Oregon},
 pages = {515--527},
 numpages = {13},
 url = {http://doi.acm.org/10.1145/2749469.2750418},
 doi = {10.1145/2749469.2750418},
 acmid = {2750418},
 publisher = {ACM},
 address = {New York, NY, USA},
}

@inproceedings{Rossbach+:SOSP11,
 author = {Rossbach, Christopher J. and Currey, Jon and Silberstein, Mark and Ray, Baishakhi and Witchel, Emmett},
 title = {PTask: Operating System Abstractions to Manage GPUs As Compute Devices},
 booktitle = {Proceedings of the Twenty-Third ACM Symposium on Operating Systems Principles},
 series = {SOSP '11},
 year = {2011},
 isbn = {978-1-4503-0977-6},
 location = {Cascais, Portugal},
 pages = {233--248},
 numpages = {16},
 url = {http://doi.acm.org/10.1145/2043556.2043579},
 doi = {10.1145/2043556.2043579},
 acmid = {2043579},
 publisher = {ACM},
 address = {New York, NY, USA},
 keywords = {GPGPU, GPUs, OS design, accelerators, dataflow, gestural interface, operating systems},
}

@inproceedings{Yu+:MICRO15,
 author = {Yu, Xiangyao and Hughes, Christopher J. and Satish, Nadathur and Devadas, Srinivas},
 title = {IMP: Indirect Memory Prefetcher},
 booktitle = {Proceedings of the 48th International Symposium on Microarchitecture},
 series = {MICRO-48},
 year = {2015},
 isbn = {978-1-4503-4034-2},
 location = {Waikiki, Hawaii},
 pages = {178--190},
 numpages = {13},
 url = {http://doi.acm.org/10.1145/2830772.2830807},
 doi = {10.1145/2830772.2830807},
 acmid = {2830807},
 publisher = {ACM},
 address = {New York, NY, USA},
}



@inproceedings{Davidson+:IPDPS2014,
  author = {Andrew Davidson and Sean Baxter and Michael Garland
                  and John D. Owens},
  title = {Work-Efficient Parallel {GPU} Methods for Single
                  Source Shortest Paths},
  booktitle = {Proceedings of the 28th IEEE International
                  Parallel and Distributed Processing Symposium},
  year = {2014},
  month = {may}
}

@inproceedings{Fu+:GRADES14,
  author    = {Zhisong Fu and
               Bryan B. Thompson and
               Michael Personick},
  title     = {MapGraph: A High Level API for Fast Development of High
               Performance Graph Analytics on GPUs},
  booktitle = {GRADES},
  year      = {2014}
}

@inproceedings{Nilakant+:SFMA14,
  author = {Karthik Nilakant and Eiko Yoneki},
  title  = {On the Efficacy of APUs for Heterogeneous Graph Computation},
  booktitle = {4th Workshop on Systems for Future Multi-core Architectures},
  year = {2014},
  month = {April}
}

@inproceedings{Spafford+:CF12,
 author = {Spafford, Kyle L. and Meredith, Jeremy S. and Lee, Seyong and Li, Dong and Roth, Philip C. and Vetter, Jeffrey S.},
 title = {The Tradeoffs of Fused Memory Hierarchies in Heterogeneous Computing Architectures},
 booktitle = {Proceedings of the 9th Conference on Computing Frontiers},
 series = {CF '12},
 year = {2012},
 location = {Cagliari, Italy},
 pages = {103--112},
 numpages = {10}
}

@inproceedings{Gupta+:INPAR12,
title	=	"A Study of Persistent Threads Style GPU Programming for GPGPU Workloads ",
booktitle	=	"Innovative Parallel Computing",
author	=	"Kshitij Gupta AND Jeff A. Stuart AND John D. Owens ",
year	=	"2012",
month	=	may,
keywords	=	"GPGPU, GPU Computing, GPU Programming Style, Persistent Threads",
pages	=	"14",
location	=	"San Jose, CA",
}

@inproceedings{Wang+:SIGMETRICS14,
 author = {Wang, Kaibo and Ding, Xiaoning and Lee, Rubao and Kato, Shinpei and Zhang, Xiaodong},
 title = {GDM: Device Memory Management for Gpgpu Computing},
 booktitle = {The 2014 ACM International Conference on Measurement and Modeling of Computer Systems},
 series = {SIGMETRICS '14},
 year = {2014},
 isbn = {978-1-4503-2789-3},
 location = {Austin, Texas, USA},
 pages = {533--545},
 numpages = {13},
 publisher = {ACM},
 address = {New York, NY, USA},
}

@inproceedings{Kato+:RTSS11,
  author    = {Shinpei Kato and
               Karthik Lakshmanan and
               Aman Kumar and
               Mihir Kelkar and
               Yutaka Ishikawa and
               Ragunathan Rajkumar},
  title     = {{RGEM:} {A} Responsive {GPGPU} Execution Model for Runtime Engines},
  booktitle = {Proceedings of the 32nd {IEEE} Real-Time Systems Symposium, {RTSS}
               2011, Vienna, Austria, November 29 - December 2, 2011},
  pages     = {57--66},
  year      = {2011},
  url       = {http://dx.doi.org/10.1109/RTSS.2011.13},
  doi       = {10.1109/RTSS.2011.13},
  timestamp = {Tue, 20 Jan 2015 18:19:00 +0100},
  biburl    = {http://dblp.uni-trier.de/rec/bib/conf/rtss/KatoLKKIR11},
  bibsource = {dblp computer science bibliography, http://dblp.org}
}

@inproceedings{Basaran+:ECRTS12,
  author    = {Can Basaran and
               Kyoung{-}Don Kang},
  title     = {Supporting Preemptive Task Executions and Memory Copies in GPGPUs},
  booktitle = {24th Euromicro Conference on Real-Time Systems, {ECRTS} 2012, Pisa,
               Italy, July 11-13, 2012},
  pages     = {287--296},
  year      = {2012},
  url       = {http://dx.doi.org/10.1109/ECRTS.2012.15},
  doi       = {10.1109/ECRTS.2012.15},
  timestamp = {Mon, 02 Feb 2015 17:46:42 +0100},
  biburl    = {http://dblp.uni-trier.de/rec/bib/conf/ecrts/BasaranK12},
  bibsource = {dblp computer science bibliography, http://dblp.org}
}
@inproceedings{Kato+:ATC12,
  author = {Shinpei Kato and Michael McThrow and Carlos Maltzahn and Scott Brandt},
  title = {Gdev: First-Class GPU Resource Management in the Operating System},
  booktitle = {Presented as part of the 2012 USENIX Annual Technical Conference (USENIX ATC 12)},
  year = {2012},
  isbn = {978-931971-93-5},
  address = {Boston, MA},
  pages = {401--412},
  publisher = {USENIX},
}

@TechReport{Fermi,
  author = {{NVIDIA}},
  title = {NVIDIA's Next Generation CUDA Computer Architecture: Fermi},
}

@TechReport{Kepler,
  author = {{NVIDIA}},
  title = {Next generation CUDA computer architecture Kepler GK110},
  year = {2012},
}

@misc{CUDASDK,
  title = {CUDA Software Development Toolkit v7.0},
  note = {{\texttt https://developer.nvidia.com/cuda-toolkit-70}},
  author = {NVIDIA},
}

@TechReport{MPS,
  author = {{NVIDIA}},
  title = {Sharing a GPU between MPI processes: multi-process service (MPS) overview},
  year = {2013},
}

@misc{CUDA,
  title = {{NVIDIA} {CUDA}},
  note = {\url{http://www.nvidia.com/cuda}}
}

@misc{OpenCL,
  title = { {OpenCL}},
  note = {\url{http://www.khronos.org/opencl/}}
}

@misc{gigathread,
  author = {NVIDIA},
 title = {NVIDIA's Next Generation CUDA Computer Architecture: Fermi},
}

@inproceedings{Pai+:ASPLOS13,
 author = {Pai, Sreepathi and Thazhuthaveetil, Matthew J. and Govindarajan, R.},
 title = {Improving GPGPU Concurrency with Elastic Kernels},
 booktitle = {Proceedings of the Eighteenth International Conference on Architectural Support for Programming Languages and Operating Systems},
 series = {ASPLOS '13},
 year = {2013},
 location = {Houston, Texas, USA},
 pages = {407--418},
 numpages = {12},
 address = {New York, NY, USA},
}


@article{Wang+:VLDB14,
 author = {Wang, Kaibo and Zhang, Kai and Yuan, Yuan and Ma, Siyuan and Lee, Rubao and Ding, Xiaoning and Zhang, Xiaodong},
 title = {Concurrent Analytical Query Processing with GPUs},
 journal = {Proc. VLDB Endow.},
 issue_date = {July 2014},
 volume = {7},
 number = {11},
 month = jul,
 year = {2014},
 pages = {1011--1022},
 numpages = {12},
 publisher = {VLDB Endowment},
}

@inproceedings{Margiolas:ICS2015,
 author = {Margiolas, Christos and O'Boyle, Michael F.P.},
 title = {PALMOS: A Transparent, Multi-tasking Acceleration Layer for Parallel Heterogeneous Systems},
 booktitle = {Proceedings of the 29th ACM on International Conference on Supercomputing},
 series = {ICS '15},
 year = {2015},
 location = {Newport Beach, California, USA},
 pages = {307--318},
 numpages = {12},
 publisher = {ACM},
 address = {New York, NY, USA},
}

@article{reorder,
  author    = {Teng Li and
               Vikram K. Narayana and
               Tarek A. El{-}Ghazawi},
  title     = {Reordering {GPU} Kernel Launches to Enable Efficient Concurrent Execution},
  journal   = {CoRR},
  volume    = {abs/1511.07983},
  year      = {2015},
  timestamp = {Tue, 01 Dec 2015 19:22:34 +0100},
  biburl    = {http://dblp.uni-trier.de/rec/bib/journals/corr/LiNE15a},
  bibsource = {dblp computer science bibliography, http://dblp.org}
}

@inproceedings{Margiolas:CGO2016,
 author = {Margiolas, Christos and O\&\#039;Boyle, Michael F. P.},
 title = {Portable and Transparent Software Managed Scheduling on Accelerators for Fair Resource Sharing},
 booktitle = {Proceedings of the 2016 International Symposium on Code Generation and Optimization},
 series = {CGO 2016},
 year = {2016},
 location = {Barcelona, Spain},
 pages = {82--93},
 numpages = {12},
 publisher = {ACM},
 address = {New York, NY, USA},
}

@article{TPU,
  author    = {Norman P. Jouppi and
               Cliff Young and
               Nishant Patil and
               David A. Patterson and
               Gaurav Agrawal and
               Raminder Bajwa and
               Sarah Bates and
               Suresh Bhatia and
               Nan Boden and
               Al Borchers and
               Rick Boyle and
               Pierre{-}luc Cantin and
               Clifford Chao and
               Chris Clark and
               Jeremy Coriell and
               Mike Daley and
               Matt Dau and
               Jeffrey Dean and
               Ben Gelb and
               Tara Vazir Ghaemmaghami and
               Rajendra Gottipati and
               William Gulland and
               Robert Hagmann and
               Richard C. Ho and
               Doug Hogberg and
               John Hu and
               Robert Hundt and
               Dan Hurt and
               Julian Ibarz and
               Aaron Jaffey and
               Alek Jaworski and
               Alexander Kaplan and
               Harshit Khaitan and
               Andy Koch and
               Naveen Kumar and
               Steve Lacy and
               James Laudon and
               James Law and
               Diemthu Le and
               Chris Leary and
               Zhuyuan Liu and
               Kyle Lucke and
               Alan Lundin and
               Gordon MacKean and
               Adriana Maggiore and
               Maire Mahony and
               Kieran Miller and
               Rahul Nagarajan and
               Ravi Narayanaswami and
               Ray Ni and
               Kathy Nix and
               Thomas Norrie and
               Mark Omernick and
               Narayana Penukonda and
               Andy Phelps and
               Jonathan Ross and
               Amir Salek and
               Emad Samadiani and
               Chris Severn and
               Gregory Sizikov and
               Matthew Snelham and
               Jed Souter and
               Dan Steinberg and
               Andy Swing and
               Mercedes Tan and
               Gregory Thorson and
               Bo Tian and
               Horia Toma and
               Erick Tuttle and
               Vijay Vasudevan and
               Richard Walter and
               Walter Wang and
               Eric Wilcox and
               Doe Hyun Yoon},
  title     = {In-Datacenter Performance Analysis of a Tensor Processing Unit},
  journal   = {CoRR},
  volume    = {abs/1704.04760},
  year      = {2017},
  url       = {http://arxiv.org/abs/1704.04760},
  archivePrefix = {arXiv},
  eprint    = {1704.04760},
  timestamp = {Mon, 13 Aug 2018 16:48:05 +0200},
  biburl    = {https://dblp.org/rec/bib/journals/corr/JouppiYPPABBBBB17},
  bibsource = {dblp computer science bibliography, https://dblp.org}
}
@inproceedings{automine,
  title={AutoMine: harmonizing high-level abstraction and high performance for graph mining},
  author={Mawhirter, Daniel and Wu, Bo},
  booktitle={Proceedings of the 27th ACM Symposium on Operating Systems Principles},
  pages={509--523},
  year={2019},
  organization={ACM}
}
@inproceedings{wikivote,
  title={Predicting positive and negative links in online social networks},
  author={Leskovec, Jure and Huttenlocher, Daniel and Kleinberg, Jon},
  booktitle={Proceedings of the 19th international conference on World wide web},
  pages={641--650},
  year={2010},
  organization={ACM}
}
@inproceedings{kwak2010twitter,
  title={What is Twitter, a social network or a news media?},
  author={Kwak, Haewoon and Lee, Changhyun and Park, Hosung and Moon, Sue},
  booktitle={Proceedings of the 19th international conference on World wide web},
  pages={591--600},
  year={2010},
  organization={AcM}
}
@inproceedings{BoVWFI,
  author = "Paolo Boldi and Sebastiano Vigna",
  title = "The {W}eb{G}raph Framework {I}: {C}ompression Techniques",
  year = 2004,
  booktitle = "Proc. of the Thirteenth International World Wide Web Conference (WWW 2004)",
  address = "Manhattan, USA",
  pages = "595--601",
  publisher = "ACM Press"
}
@inproceedings{BRSLLP,
  author = "Paolo Boldi and Marco Rosa and Massimo Santini and Sebastiano Vigna",
  title = "Layered Label Propagation: A MultiResolution Coordinate-Free Ordering for Compressing Social Networks",
  booktitle = "Proceedings of the 20th international conference on World Wide Web",
  editor = "Sadagopan Srinivasan and Krithi Ramamritham and Arun Kumar and M. P. Ravindra and Elisa Bertino and Ravi Kumar",
  publisher = "ACM Press",
  year = 2011,
  pages = "587--596"
}
@inproceedings{pai2016compiler,
  title={A compiler for throughput optimization of graph algorithms on GPUs},
  author={Pai, Sreepathi and Pingali, Keshav},
  booktitle={ACM SIGPLAN Notices},
  volume={51},
  number={10},
  pages={1--19},
  year={2016},
  organization={ACM}
}
@article{emptyheaded,
  title={Emptyheaded: A relational engine for graph processing},
  author={Aberger, Christopher R and Lamb, Andrew and Tu, Susan and N{\"o}tzli, Andres and Olukotun, Kunle and R{\'e}, Christopher},
  journal={ACM Transactions on Database Systems (TODS)},
  volume={42},
  number={4},
  pages={20},
  year={2017},
  publisher={ACM}
}
@inproceedings{graphflow,
  title={Graphflow: An active graph database},
  author={Kankanamge, Chathura and Sahu, Siddhartha and Mhedbhi, Amine and Chen, Jeremy and Salihoglu, Semih},
  booktitle={Proceedings of the 2017 ACM International Conference on Management of Data},
  pages={1695--1698},
  year={2017},
  organization={ACM}
}
@article{hong2012green,
  title={Green-Marl: a DSL for easy and efficient graph analysis},
  author={Hong, Sungpack and Chafi, Hassan and Sedlar, Edic and Olukotun, Kunle},
  journal={ACM SIGARCH Computer Architecture News},
  volume={40},
  number={1},
  pages={349--362},
  year={2012},
  publisher={ACM}
}
@inproceedings{seo2013socialite,
  title={SociaLite: Datalog extensions for efficient social network analysis},
  author={Seo, Jiwon and Guo, Stephen and Lam, Monica S},
  booktitle={2013 IEEE 29th International Conference on Data Engineering (ICDE)},
  pages={278--289},
  year={2013},
  organization={IEEE}
}
@inproceedings{gill2018abelian,
  title={Abelian: A Compiler for Graph Analytics on Distributed, Heterogeneous Platforms},
  author={Gill, Gurbinder and Dathathri, Roshan and Hoang, Loc and Lenharth, Andrew and Pingali, Keshav},
  booktitle={European Conference on Parallel Processing},
  pages={249--264},
  year={2018},
  organization={Springer}
}
@inproceedings{han2017graphie,
  title={Graphie: Large-Scale Asynchronous Graph Traversals on Just a GPU},
  author={Han, Wei and Mawhirter, Daniel and Wu, Bo and Buland, Matthew},
  booktitle={Parallel Architectures and Compilation Techniques (PACT), 2017 26th International Conference on},
  pages={233--245},
  year={2017},
  organization={IEEE}
}
@article{stefani2017triest,
  title={Triest: Counting local and global triangles in fully dynamic streams with fixed memory size},
  author={Stefani, Lorenzo De and Epasto, Alessandro and Riondato, Matteo and Upfal, Eli},
  journal={ACM Transactions on Knowledge Discovery from Data (TKDD)},
  volume={11},
  number={4},
  pages={43},
  year={2017},
  publisher={ACM}
}
@article{karypis1998multilevelk,
  title={Multilevelk-way partitioning scheme for irregular graphs},
  author={Karypis, George and Kumar, Vipin},
  journal={Journal of Parallel and Distributed computing},
  volume={48},
  number={1},
  pages={96--129},
  year={1998},
  publisher={Elsevier}
}
@article{rads,
  title={Fast and robust distributed subgraph enumeration},
  author={Ren, Xuguang and Wang, Junhu and Han, Wook-Shin and Yu, Jeffrey Xu},
  journal={Proceedings of the VLDB Endowment},
  volume={12},
  number={11},
  pages={1344--1356},
  year={2019},
  publisher={VLDB Endowment}
}
